2750 4284
102 325 136 360 μ
162 287 201 346 u
578 301 617 341 nn
632 299 762 340 orarons

213 431 268 490 init
281 429 414 509 sapientis
424 435 455 488 et
464 430 627 508 praestantis
636 429 695 496 viri,
707 428 836 488 omnibus
847 428 1052 488 consulendum
1060 428 1184 506 putavit.

163 526 199 581 11
215 521 313 597 anue
327 527 371 578 est
384 538 496 578 summa
509 520 582 579 ratio
592 529 622 578 et
635 519 773 598 sapientia
787 519 853 576 boni
867 519 943 587 aiva,
955 519 1106 578 commoda
1114 518 1184 576 eivi-

213 629 263 668 um
286 627 343 666 non
366 608 508 676 divellere,
529 615 616 686 atque
635 626 734 666 omnes
755 608 888 684 aequitate
908 608 1008 666 eadem
1028 607 1181 665 continere.

163 703 199 758 12
215 697 354 756 Habitent
374 697 463 776 gratis
484 698 513 754 in
532 698 648 756 alieno?
690 697 765 766 Quid
785 697 849 755 ita?
891 697 942 764 Ut,
958 715 1024 754 oum
1037 715 1092 774 ego
1105 714 1182 754 ema·

214 787 276 854 rint
288 787 461 854 aedifioan'm,
473 795 563 854 tuear,
575 786 748 864 impendam,
761 794 801 853 tu,
817 803 862 844 me
875 785 970 854 invito,
985 786 1080 844 fruare
1094 785 1183 844 meo?

215 875 291 946 Quid
305 883 349 934 est
361 875 439 933 alind
453 876 513 934 aliia
528 895 579 934 sua
592 875 710 953 eripere,
725 874 785 932 aliis
800 875 868 932 dare
882 875 996 932 aliena?

164 971 200 1024 la
241 965 359 1024 Tabulae
369 983 436 1023 vero
450 983 530 1022 nova
545 964 614 1041 quid
628 965 735 1022 habent
745 964 914 1042 argumenti,
923 963 976 1021 nisi
986 971 1019 1020 ut
1029 981 1107 1022 emas
1118 981 1184 1022 mea

215 1054 335 1132 petuma
356 1053 493 1121 fundum3
514 1073 581 1112 eum
603 1061 636 1112 tu
655 1054 770 1121 habeas,
785 1072 841 1132 ego
860 1073 917 1111 non
931 1055 1052 1112 habeam
1067 1053 1182 1131 pecuni-

215 1144 286 1202 am?
314 1144 422 1202 XXIV.
439 1144 650 1213 Quamobrem
660 1143 792 1200 nasitus
804 1142 1020 1220 aiieuum,quod
1034 1143 1075 1200 rei
1088 1143 1182 1221 pubii-

215 1251 257 1292 ote
270 1242 380 1302 nooeat,
395 1234 602 1313 providendum
617 1241 677 1300 est;
699 1231 789 1310 (quod
811 1232 909 1290 multis
922 1231 1076 1290 rationibus
1090 1231 1184 1290 caveri

216 1332 312 1400 potest
321 1323 341 1402 z)
356 1343 421 1392 non,
436 1325 460 1382 si
473 1324 566 1391 inerit,
582 1330 615 1381 ut
627 1322 786 1400 locupletes
800 1341 883 1380 suum
898 1322 1028 1399 perdent,
1040 1321 1183 1381 debitores

184 1417 201 1470 2
216 1413 361 1472 luorentur
373 1414 503 1474 alienuut
545 1413 574 1470 N
575 1431 608 1470 eo
622 1412 696 1468 enim
711 1412 769 1468 ulla
788 1429 834 1468 res
847 1411 1042 1469 vehementius
1055 1429 1115 1469 rem
1129 1431 1183 1488 pu·

216 1502 319 1560 blioam
332 1503 465 1568 eontinet,
480 1521 566 1578 quam
580 1501 667 1559 fides:
689 1518 752 1577 qua
767 1518 829 1558 esse
843 1500 920 1558 nulle
941 1506 1045 1578 potest,
1060 1500 1112 1558 nisi
1127 1501 1182 1558 erit

184 1597 201 1649 3
216 1591 375 1648 necessaria
389 1590 492 1648 solutio
506 1609 601 1647 rerum
613 1589 790 1647 creditarum.
821 1589 977 1666 Nunquam
988 1590 1183 1648 vehementius

217 1687 314 1738 aetum
327 1687 379 1746 est,
391 1696 477 1754 quam
491 1697 537 1736 me
551 1679 674 1745 consule,
686 1697 722 1736 ne
735 1679 900 1737 solveretur.
932 1678 1029 1736 Armis
1039 1686 1069 1736 et
1083 1679 1184 1737 nastris

217 1775 384 1826 tentaturos
398 1767 493 1826 estab
507 1767 583 1826 omni
602 1786 706 1845 genere
726 1769 871 1826 hominum
891 1775 921 1826 et
940 1768 1053 1826 ordine:
1078 1769 1183 1846 quibus

217 1857 258 1915 ita
277 1856 376 1923 restiti,
396 1863 429 1914 ut
446 1857 501 1914 hoo
523 1863 636 1914 tanturn
657 1858 765 1915 malum
785 1858 821 1915 de
841 1875 872 1914 re
892 1858 1008 1934 publiea
1027 1857 1181 1916 tolleretur.

184 1950 204 2005 4
218 1947 372 2022 Nunquam
386 1963 439 2006 neo
448 1947 542 2025 majus
554 1966 595 2006 ses
608 1947 731 2004 alienum
744 1947 815 2014 iuit;
829 1966 880 2006 neo
894 1947 995 2006 melius
1008 1967 1061 2007 neo
1074 1949 1183 2006 iaoilius

218 2035 387 2094 dissolutum
401 2045 453 2094 est.
490 2037 653 2094 Fraudaudi
663 2036 736 2094 enirn
752 2055 803 2113 spe
813 2037 934 2104 sublata,
946 2037 1074 2094 solvendi
1087 2057 1182 2095 neces·

185 2125 286 2186 baites
309 2133 461 2183 consecuta
483 2134 535 2183 est.
578 2126 620 2182 At
635 2145 702 2182 vero
722 2126 767 2182 hio
789 2144 863 2182 nune
878 2126 976 2193 vietor,
991 2133 1053 2184 tum
1068 2127 1183 2204 quidem

218 2216 318 2284 vietus,
334 2235 398 2291 quae
414 2215 561 2293 cogitarat,
577 2233 611 2272 ea
625 2215 752 2291 perfecit,
767 2233 833 2271 oum
853 2215 916 2291 ejus
935 2216 997 2293 jam
1010 2215 1078 2274 nihil
1097 2217 1182 2274 inter·

218 2313 301 2363 esset.
343 2305 433 2362 Tanta
445 2305 474 2362 in
487 2322 522 2376 ep
536 2304 673 2381 peooandi
692 2303 780 2362 libido
793 2303 856 2370 fuit,
872 2312 905 2361 ut
924 2304 979 2363 hoo
1000 2305 1095 2381 ipsum
1117 2325 1183 2363 eum

218 2396 382 2462 delectaret,
398 2413 525 2471 peceare,
540 2392 649 2452 etiamsi
663 2411 749 2451 causa
762 2412 818 2450 non
832 2401 915 2451 esset.

186 2489 204 2543 θ
258 2484 308 2542 Ab
322 2484 377 2541 hoo
390 2484 478 2561 igitur
496 2501 601 2562 genere
620 2483 785 2560 largitionis,
800 2491 833 2540 ut
846 2483 907 2540 aliis
921 2483 1014 2551 detur,
1030 2484 1091 2541 aliis
1105 2484 1182 2542 ause·

218 2581 305 2640 ratur,
320 2574 441 2631 aberunt
454 2573 480 2639 ii,
495 2573 617 2649 quirem
632 2573 776 2649 publicam
796 2573 966 2630 tuebuntur:
988 2573 1182 2650 inprimisque

219 2681 336 2738 operam
350 2662 468 2727 dabunt,
484 2669 521 2717 ut.
536 2661 608 2739 juris
628 2668 658 2718 et
679 2661 850 2739 judiciorum
864 2662 996 2738 aequitate
1011 2681 1094 2736 suurn
1109 2663 1182 2739 quis·

219 2769 275 2828 que
288 2755 401 2816 teneat;
422 2757 451 2807 et
464 2767 555 2825 neque
569 2750 710 2808 tenuiores
724 2757 841 2826 propter
861 2750 1050 2808 humilitatem
1064 2752 1182 2809 oiroum-

218 2839 373 2905 veniamur,
388 2856 480 2914 neque
502 2838 692 2915 loeupletibus
714 2838 752 2895 ad
772 2857 824 2896 sua
837 2840 882 2896 vel
902 2840 1024 2898 tenenda
1038 2841 1083 2898 vel
1103 2859 1181 2898 reuu-

219 2929 346 3007 perande
372 2929 448 2986 obsit
473 2927 593 2985 invidia:
622 2935 762 3003 praeterea
789 2929 1002 3006 quibusounque
1029 2931 1115 2988 rebus
1139 2931 1183 2988 vel
1211 2959 1215 2966 ·

219 3019 286 3077 belli
294 3019 339 3077 vel
353 3018 430 3077 dorni
444 3023 587 3095 poterunt,
597 3035 657 3074 rem
668 3017 811 3094 publicam
825 3025 949 3095 augeant
962 3019 1088 3095 imperio,
1098 3021 1182 3097 agris,

187 3107 415 3185 'iveotigalibus
456 3109 527 3166 Hae
550 3125 721 3186 magnorum
744 3107 890 3164 hominum
914 3115 997 3165 sunt:
1022 3109 1085 3166 haeo
1104 3108 1184 3185 apud

219 3197 342 3274 majores
355 3204 467 3254 nostros
480 3197 626 3255 factitata:
648 3197 712 3254 haeo
732 3213 838 3274 genera
857 3195 1013 3254 officiorum
1027 3198 1075 3273 qui
1089 3216 1182 3274 perse·

220 3293 354 3364 quantur,
370 3305 436 3344 oum
451 3305 562 3343 summa
582 3286 704 3344 utilitate
717 3286 758 3343 roi
771 3285 893 3364 publioae
908 3305 1043 3364 magnam
1056 3287 1111 3365 ipsi
1125 3287 1182 3346 adi-

221 3376 366 3455 piscentur
379 3382 409 3432 et
423 3375 546 3453 gratiam
560 3382 590 3432 et
603 3375 734 3454 gloriam.

190 3561 208 3614 8
261 3555 296 3612 In
310 3554 354 3612 his
368 3560 464 3612 autem
479 3553 633 3611 utilitatum
654 3552 804 3630 praeoeptis
818 3552 973 3630 Antipater
985 3553 1095 3630 Tyrius,
1111 3553 1183 3612 Stoi·

221 3663 281 3711 oua
300 3645 349 3721 qui
369 3644 492 3702 Athenis
513 3661 605 3721 nuper
623 3649 668 3700 est
687 3649 826 3708 mortuus,
846 3640 905 3698 duo
924 3643 1070 3718 praeterita
1089 3649 1185 3702 tensa
