2750 4284
165 341 203 398 81
584 353 622 392 oa
637 353 766 393 carrona

184 487 203 542 4
217 484 370 542 Africanus
384 483 470 540 nihilo
483 481 651 560 locupletior
664 481 840 560 Karthagine
860 499 966 540 eversa.
1008 455 1109 550 Qiridt
1136 481 1188 559 qui

217 573 279 650 ejus
302 573 413 650 collega
435 573 488 630 fuit
507 573 536 629 in
557 591 684 639 censura,
699 573 730 628 L.
746 572 909 638 Mummius,
930 571 1068 648 numquid
1089 572 1186 648 copio-

218 661 281 730 sior,
292 681 357 720 cum
369 661 590 738 copiosissimam
605 663 705 720 urbem
719 661 847 718 funditus
862 662 1043 718 sustulisset?
1071 661 1186 719 Italiam

217 769 325 817 ornare,
340 769 426 827 quam
441 750 558 808 domum
576 769 666 816 suam,
682 750 788 807 maluit.
831 751 1011 826 Quamquam
1034 750 1118 807 Italia
1138 769 1185 807 or-

185 849 202 902 5
217 849 292 908 nata,
304 841 406 898 domus
419 841 481 916 ipsa
495 841 563 897 mihi
572 840 683 897 videtur
693 840 824 897 ornatior.
856 840 976 896 Nullum
989 839 1076 917 igitur
1084 839 1185 896 vitium

217 931 326 988 taetrius
341 937 384 987 est
406 928 508 1008 (uteo,
524 929 600 987 uude
620 947 735 1007 egressa
749 936 800 996 est,
816 929 921 986 referat
935 947 966 986 se
979 928 1082 1003 oratio)
1097 947 1186 1004 quam

217 1020 341 1085 avaritia,
358 1020 515 1096 praesertim
528 1019 557 1076 in
572 1019 744 1096 principibus
765 1037 824 1075 rem
845 1019 989 1094 publicam
1002 1018 1185 1096 gubernanti·

185 1109 279 1167 dbus.
322 1109 436 1167 Habere
451 1109 524 1166 enim
539 1109 661 1185 quaestui
675 1127 734 1164 rem
749 1107 892 1185 publicam
914 1127 971 1164 nou
991 1107 1077 1164 modo
1098 1114 1185 1184 turpe

186 1199 202 1257 'l
218 1205 269 1264 est,
284 1198 335 1256 sed
350 1199 519 1256 sceleratum
534 1198 619 1255 etiarn
634 1204 663 1254 et
676 1197 823 1255 nefarium.
865 1198 967 1274 Itaque
985 1197 1062 1273 quod
1078 1197 1185 1273 Apollo

217 1287 340 1365 Pythius
353 1287 499 1346 oraculum
520 1287 617 1353 edidit,
633 1286 767 1363 Spartam
781 1286 859 1344 nulla
872 1305 903 1342 re
917 1287 980 1352 alia,
995 1286 1047 1342 uisi
1067 1285 1185 1342 avaritia

218 1397 280 1435 esse
305 1378 468 1455 perituram,
493 1377 522 1434 id
546 1377 659 1434 videtur
682 1394 738 1433 non
762 1375 855 1433 solum
878 1375 1108 1442 lacedemoniis,
1131 1375 1184 1432 sed

186 1468 303 1524 8etiam
319 1467 449 1524 omnibus
468 1466 609 1543 opulentis
630 1465 743 1542 populis
765 1465 936 1542 praedixisse.
978 1465 1066 1522 Nulla
1087 1473 1184 1522 autern

217 1575 248 1612 re
271 1557 417 1612 conciliare
441 1555 550 1612 facilius
572 1555 787 1612 benivolentiam
808 1554 996 1612 multitudinis
1017 1561 1136 1630 possunt
1154 1553 1183 1623 ii,

218 1645 266 1720 qui
279 1645 319 1700 rei
334 1644 455 1720 publicae
471 1651 605 1719 praesurrt,
617 1663 703 1720 quam
718 1644 886 1702 abstinentia
900 1651 929 1700 at
944 1644 1121 1701 continentia.

185 1739 204 1792 9
259 1733 313 1801 Qui
334 1750 455 1789 verosa
480 1732 631 1807 populares
655 1733 763 1799 volunt,
789 1734 826 1791 ob
851 1751 970 1808 eamque
995 1751 1109 1790 causam
1132 1739 1185 1791 aut

218 1822 358 1899 agrariam
372 1839 433 1878 rem
447 1828 565 1887 tentant,
583 1829 614 1878 ut
628 1839 804 1898 possessores
819 1823 961 1898 pellantur
981 1822 1040 1879 suis
1059 1822 1183 1890 sedibus,

219 1921 269 1968 aut
283 1911 416 1988 pecunias
432 1910 552 1968 creditas
567 1910 742 1968 debitoribus
756 1911 956 1968 condonandas
970 1919 1091 1987 putant:
1106 1912 1183 1969 labe-

219 2001 328 2058 factant
349 2000 534 2057 fundamenta
548 2000 586 2056 rei
608 2001 749 2077 publicae;
771 2000 950 2058 concordiam
973 2001 1104 2076 primum,
1119 2017 1185 2076 quaa
1262 2063 1270 2072 ‚

219 2109 280 2148 esse
303 2110 359 2147 non
381 2099 483 2168 potest,
500 2110 565 2148 cum
586 2091 646 2148 aliis
668 2090 838 2156 adimuntur,
853 2091 912 2146 aliis
927 2091 1121 2147 condonantur
1135 2109 1184 2167 pe·

219 2181 322 2247 cuniae;
339 2179 440 2237 deinde
455 2180 626 2256 aequitatem,
637 2199 702 2256 quae
716 2179 824 2236 tollitur
834 2180 933 2246 omnis,
944 2180 968 2236 si
982 2179 1087 2237 habere
1101 2199 1184 2236 suum

168 2274 205 2328 10
220 2271 320 2347 cuique
334 2289 390 2328 non
404 2270 476 2328 licet.
513 2269 548 2328 Id
563 2270 636 2326 enim
651 2277 695 2326 est
709 2269 854 2346 proprium
871 2267 915 2345 (ut
935 2269 1104 2346 supradixi)
1119 2269 1184 2326 civi·

221 2362 286 2417 tatis
301 2368 387 2436 atque
401 2359 487 2426 urbis,
499 2367 531 2416 ut
543 2359 565 2417 si
579 2359 666 2416 libera
677 2367 706 2416 et
718 2377 774 2414 non
789 2359 907 2416 sollicita
920 2377 981 2415 suae
995 2360 1034 2416 rei
1045 2359 1184 2436 cujusque

169 2453 203 2506 11
220 2449 356 2507 custodia.
399 2450 498 2525 Atque
520 2449 548 2507 in
570 2449 623 2505 hac
646 2449 767 2525 pernicie
788 2448 827 2504 rei
848 2448 971 2524 publicae
984 2467 1019 2504 ne
1033 2449 1109 2505 illam
1124 2448 1184 2524 qui-

169 2545 205 2598 12
222 2539 287 2597 dem
312 2545 533 2613 consequuntur,
555 2557 641 2614 quam
666 2545 776 2613 putant,
802 2538 931 2615 gratiam.
973 2538 1049 2594 Nam
1072 2537 1117 2594 cui
1139 2554 1184 2594 res

220 2638 318 2704 erepta
338 2637 390 2694 est,
412 2635 456 2684 est
477 2627 620 2684 inimicus:
643 2627 688 2684 cui
710 2627 777 2684 data
799 2637 850 2693 est,
867 2627 951 2683 etiam
972 2626 1138 2692 dissimulat,
1153 2644 1184 2682 se

220 2717 348 2792 accipere
372 2715 510 2772 voluisse:
533 2723 562 2772 et
584 2716 704 2772 maxime
726 2716 754 2772 in
777 2717 901 2793 pecuniis
924 2717 1035 2773 creditis
1060 2717 1184 2773 occultat

170 2812 205 2864 13
220 2825 303 2862 suurn
324 2805 470 2882 gaudium,
492 2823 527 2860 ne
541 2805 670 2861 videatur
690 2823 746 2862 non
768 2805 854 2862 fuisse
876 2805 1020 2862 solvendo
1062 2805 1104 2861 At
1118 2823 1184 2862 veru

219 2895 274 2960 ille,
289 2893 337 2969 qui
352 2893 461 2968 accepit
480 2893 618 2970 injuriam,
634 2900 663 2950 et
676 2895 812 2961 meminit,
827 2902 856 2950 et
871 2913 930 2971 prae
944 2913 974 2952 se
988 2895 1044 2950 fert
1058 2894 1183 2952 dolorem

219 3003 319 3040 suum:
341 3002 401 3050 nec,
428 2983 450 3040 si
475 2983 571 3059 plures
596 2991 661 3039 sunt
685 2983 710 3049 ii,
736 2983 838 3060 quibus
862 2983 990 3059 improbe
1011 2983 1110 3039 datum
1130 2989 1182 3050 est,

221 3093 306 3150 quarn
329 3073 376 3137 illi,
392 3073 495 3148 quibus
517 3073 621 3149 injuste
641 3072 807 3148 ademptum
822 3081 873 3138 est,
889 3071 992 3129 idcirco
1013 3072 1078 3149 plus
1100 3072 1184 3130 etiam

221 3162 321 3218 valent.
365 3163 430 3218 Non
455 3161 528 3218 enirn
553 3181 670 3218 nurnero
694 3162 756 3218 haec
779 3161 952 3239 judicantur,
974 3161 1025 3218 sed
1050 3161 1182 3236 pondere.

170 3259 205 3312 14
221 3254 313 3321 Quam
334 3259 429 3306 autern
454 3253 542 3308 habet
565 3252 737 3328 aequitatem,
753 3260 785 3307 ut
799 3271 901 3328 agrurn
920 3250 1017 3307 multis
1031 3251 1119 3316 anniS,
1134 3257 1185 3308 aut

221 3342 305 3399 ctiam
327 3339 445 3403 saeculis,
462 3349 527 3396 ante
550 3359 721 3417 possessum,
737 3341 785 3415 qui
806 3341 915 3396 nullum
936 3339 1044 3404 habuit,
1059 3340 1183 3397 habeat:

221 3432 269 3508 qui
283 3439 379 3486 autern
393 3429 500 3494 habuit,
516 3430 649 3486 arnittat‘.l
685 3430 795 3486 XXIII.
817 3431 862 3486 Ae
877 3437 994 3505 propter
1008 3429 1061 3484 hoc
1076 3429 1184 3505 injuria

220 3540 310 3600 genus
325 3517 532 3575 Lacedaemonii
546 3517 725 3593 Lysandrum
740 3519 879 3593 ephorum
898 3517 1085 3593 expulerunt;
1107 3517 1185 3595 Agla

221 3628 326 3688 regem,
338 3607 414 3685 quod
429 3625 573 3682 nunquam
588 3617 671 3662 antea
684 3607 763 3683 apud
777 3626 825 3664 eos
840 3605 990 3671 acciderat,
1003 3613 1182 3664 necaverunt.

189 3699 320 3775 AExquc
342 3715 376 3755 eo
398 3702 526 3772 tempore
546 3703 635 3752 tantae
655 3695 803 3752 discordia
824 3703 931 3752 secutas
951 3699 1025 3762 sunt,
1041 3699 1118 3751 utet
1137 3701 1183 3770 ty·
