2750 4284
537 397 624 438 arana
643 399 687 438 111.
728 399 796 439 one.
817 401 878 440 xnu
1158 387 1215 444 107
1315 391 1322 402 ‘

199 520 253 579 hus
266 523 321 580 hoc
335 523 399 580 loco
412 523 607 582 disserendum
621 533 682 584 est:
704 527 753 602 qui
766 545 822 584 non
836 529 929 586 verbis
943 536 1010 586 sunt
1023 535 1052 586 et
1065 530 1162 606 dispu-

199 611 304 670 tatione
318 613 561 689 philosophorum,
576 614 627 671 sed
641 615 738 672 vinclis
751 623 781 672 et
794 635 906 674 carcere
920 617 1066 694 fatigandi.
1102 619 1161 677 Sed

197 700 261 758 haec
275 702 569 778 consideremusque
583 703 690 762 faciunt
699 705 726 770 ii,
737 705 787 780 qui
800 705 942 764 habentur
956 707 1029 766 boui.
1066 708 1099 766 L.
1108 708 1160 765 Mi·
1176 715 1194 767 8

198 789 270 846 nucii
284 790 377 856 Basili,
392 791 542 868 locupletis
556 792 685 858 hominis,
700 793 804 850 falsum
824 800 1026 852 testamentum
1045 797 1161 872 quidam

199 880 339 936 eGraecia
351 881 471 938 Romam
486 881 651 940 attuleruut.
693 882 777 950 Quod
791 902 849 958 quo
863 883 971 940 facilius
992 886 1159 953 obtinerent,
1174 891 1194 944 4

196 968 368 1044 scripserunt
389 969 510 1026 herodes
532 989 629 1027 secum
651 971 690 1028 M.
708 971 845 1028 Crassum
865 980 895 1029 et
915 973 949 1040 Q,
966 972 1159 1041 Hortensium,

195 1057 323 1115 homines
333 1059 463 1135 ejusdem
475 1059 566 1116 atatis
581 1059 790 1135 potentissimos
802 1079 808 1116 :
829 1061 887 1136 qui,
899 1081 965 1118 cum
974 1061 1044 1119 illud
1055 1061 1159 1122 falsum

194 1165 257 1204 esse
271 1148 491 1224 suspicarentur,
506 1147 558 1204 sibi
578 1154 675 1204 autem
696 1149 800 1206 nullius
822 1155 917 1206 essent
938 1150 1041 1208 conscii
1055 1152 1159 1227 oulpae,

195 1237 277 1294 alieni
290 1235 419 1292 facinoris
430 1237 631 1294 munusculum
645 1256 701 1294 uon
715 1237 943 1313 repudiaverunt.
979 1239 1055 1306 Quid
1069 1241 1160 1316 ergo?
1175 1249 1193 1300 5

195 1324 277 1382 satin'
289 1332 338 1387 est,
346 1325 410 1390 hoc,
419 1331 452 1381 ut
464 1343 522 1382 nou
535 1325 685 1401 deliquisse
696 1325 867 1382 videantur?
902 1326 972 1382 Mihi
980 1327 1095 1402 quidem
1105 1345 1162 1385 non

195 1414 325 1472 videtur:
346 1431 520 1489 quamquam
538 1414 659 1471 alterum
673 1414 769 1470 vivum
790 1414 892 1480 amari,
907 1415 1029 1472 alterum
1043 1435 1100 1473 non
1113 1416 1162 1476 odi

194 1509 348 1560 mortuum.
389 1502 448 1560 Sed
468 1522 534 1560 cnm
549 1503 660 1560 Basilus
674 1503 713 1559 M.
729 1503 863 1570 Satrium,
883 1504 986 1560 sororis
999 1504 1096 1571 filium,
1110 1524 1160 1562 no·
1175 1511 1193 1564 6

194 1609 364 1649 mensuum
384 1591 457 1648 ferre
479 1593 622 1657 voluisset,
637 1611 760 1668 eumque
784 1592 898 1650 lecisset
919 1593 1055 1650 heredem
1072 1592 1160 1672 (huno

194 1679 259 1738 dico
273 1687 422 1756 patronum
441 1681 503 1758 agri
516 1681 613 1738 Piceni
633 1688 663 1738 et
683 1681 797 1739 Sebini:
819 1701 837 1738 o
851 1690 965 1758 turpem
978 1689 1076 1740 notem
1089 1690 1161 1741 tem·

194 1789 295 1846 porum
306 1770 417 1828 illorum
427 1770 446 1847 l)
458 1790 526 1828 num
536 1777 597 1828 erat
608 1789 730 1846 aequum,
741 1771 882 1847 principes
892 1772 961 1828 civis
969 1789 1031 1828 rem
1041 1771 1158 1840 habere,

193 1859 231 1916 ad
248 1859 372 1916 Satrium
387 1859 455 1916 nihil
471 1866 690 1934 praeternomeu
700 1861 869 1936 pervenire?
910 1860 1023 1917 Etenim
1034 1860 1058 1916 si
1068 1860 1099 1925 is,
1112 1860 1193 1936 quil

193 1967 250 2004 non
264 1948 391 2004 defendit
410 1948 548 2024 iujuriam,
564 1967 656 2024 neque
677 1950 835 2024 propulsat,
851 1969 917 2006 cum
936 1955 1041 2024 potest,
1055 1949 1160 2026 injuste

193 2037 268 2103 facit,
283 2043 317 2093 ut
330 2037 359 2093 iu
372 2037 464 2112 primo
483 2037 555 2093 libro
575 2036 710 2102 disserui;
732 2037 822 2112 qualis
844 2037 993 2095 habendus
1008 2044 1052 2094 est
1065 2037 1097 2104 is,
1112 2039 1161 2114 qui

193 2145 250 2182 nou
272 2125 358 2182 modo
377 2144 435 2182 nou
456 2125 577 2201 repellit,
593 2125 743 2180 sedetiam
756 2125 876 2201 adjuvat
895 2125 1049 2202 iujuriam?
1090 2127 1194 2186 Mihis

193 2214 309 2290 quidem
333 2214 418 2270 etiam
442 2232 518 2270 verae
540 2213 714 2270 hereditates
736 2231 793 2269 nou
818 2213 947 2270 honestae
972 2214 1113 2281 videntur,
1128 2215 1169 2272 'si-

193 2309 261 2360 sunt
282 2302 426 2360 malitiosis
445 2301 596 2366 blanditiis,
611 2301 766 2358 officiorum
785 2321 842 2359 nou
862 2303 981 2359 veritate
1001 2304 1052 2360 sed
1074 2303 1160 2360 aimu-

193 2391 305 2456 latione,
323 2391 462 2466 quaesitee.
504 2389 595 2467 Atqui
613 2389 642 2445 iu
655 2389 760 2446 talibus
780 2390 866 2447 rebus
886 2390 964 2447 aliud
985 2391 1055 2448 utile
1075 2391 1193 2450 iuter-9

194 2480 274 2546 dum,
288 2478 364 2536 aliud
378 2479 531 2536 honestum
545 2477 634 2535 videri
648 2478 728 2534 solet.
771 2477 864 2535 Falso.
906 2479 982 2536 Nam
994 2478 1096 2536 eadem
1106 2480 1160 2536 uti·

194 2569 289 2634 litatis,
305 2587 371 2643 quae
386 2567 551 2632 honestetis,
567 2573 611 2623 est
624 2566 732 2644 regula
774 2567 829 2634 Qui
847 2567 902 2624 hoc
922 2585 979 2626 non
999 2568 1160 2644 perviderit,
1177 2573 1214 2625 10

194 2659 231 2716 ab
245 2657 300 2714 hoc
310 2656 388 2712 nulla
401 2657 480 2712 fraus
490 2657 588 2722 aberit,
599 2657 710 2714 nullum
719 2656 835 2713 facinus.
871 2655 917 2713 Sic
929 2657 1003 2713 enim
1015 2657 1159 2733 cogitans:
1177 2659 1212 2714 11

195 2746 252 2804 Eat
271 2748 342 2802 istac
355 2745 466 2820 quidem
486 2746 636 2812 loentum,
652 2764 747 2800 nerum
760 2746 809 2802 loc
821 2745 948 2818 expedi&
970 2763 1015 2802 res
1029 2764 1047 2801 a
1059 2752 1162 2802 natura

195 2837 342 2912 copulatas
363 2835 480 2892 audebit
504 2853 598 2892 errore
620 2834 770 2900 divellere;
801 2834 850 2911 qui
872 2833 936 2891 fons
956 2834 1161 2902 cstfraudium,

153 2927 154 2931 ’
194 2925 404 2991 maleficiorum,
419 2923 559 2982 scelerum
572 2923 705 2981 omnium.

235 3103 314 3160 XIX.
336 3104 437 3179 Itaque
456 3102 479 3159 si
499 3102 651 3159 virbonus
672 3100 777 3158 habeat
794 3101 870 3157 hanc
885 3100 952 3166 vim,
967 3107 1008 3166 ut,
1028 3100 1051 3156 si
1066 3099 1162 3178 digitis

196 3192 400 3268 concrepuerit,
423 3192 513 3268 possit
531 3191 561 3246 in
580 3189 765 3264 locupletium
786 3196 957 3246 testamenta
977 3205 1080 3246 nomen
1100 3191 1163 3266 ejus

196 3281 328 3357 irrepere,
343 3282 398 3338 hac
412 3280 440 3336 vi
453 3299 508 3337 non
523 3286 629 3345 utatur,
640 3297 675 3334 uo
689 3279 712 3335 si
725 3279 906 3354 exploratum
919 3278 1035 3354 quidem
1048 3278 1162 3346 habeat,

196 3371 225 3428 id
247 3371 359 3427 omnino
377 3370 517 3426 neminem
536 3386 663 3444 unquam
677 3367 894 3444 suspicaturum.
936 3367 979 3423 At
993 3367 1075 3424 dares
1089 3367 1195 3424 hensa

197 3459 255 3516 vim
275 3459 315 3516 M.
331 3459 443 3524 Crasso,
458 3466 491 3515 ut
505 3457 658 3535 digitorum
680 3456 859 3533 percussione
880 3457 963 3512 heres
982 3461 1079 3531 posset
1097 3455 1163 3511 scri·

199 3555 266 3626 ptus
286 3566 357 3614 esse,
372 3548 420 3623 qui
440 3566 472 3605 re
483 3566 552 3604 veru
565 3566 621 3604 non
639 3553 715 3604 esset
734 3547 836 3612 heres;
858 3547 886 3602 in
899 3545 970 3609 loro,
986 3543 1070 3599 crede
1084 3542 1163 3610 mihi,

122 3693 131 3710 ,
199 3638 324 3695 saltaret.
365 3637 461 3694 Homo
480 3643 576 3694 nutem
594 3637 699 3714 justus,
714 3636 795 3712 isque
816 3653 901 3710 quem
922 3631 1059 3688 sentimus
1071 3631 1196 3689 virumt

199 3726 316 3794 honum,
327 3725 396 3784 nihil
410 3725 551 3803 cuiquem,
564 3726 642 3804 quod
656 3725 684 3798 in
697 3743 729 3782 se
742 3723 903 3788 transferat,
917 3719 1058 3778 detrahet.
1099 3719 1164 3780 Hoc
