2750 4284
171 351 229 406 1oo
582 361 620 401 na
635 359 762 401 orrmus

170 497 206 552 12
222 479 456 550 oedaemoniorurn
466 509 535 566 opes
544 509 660 548 necesse
674 495 756 547 esset.
799 487 884 558 Quod
896 487 1038 546 Aristides
1052 505 1118 545 cum
1132 503 1186 544 au·

221 581 316 645 disset,
341 579 370 635 in
397 579 559 636 concionem
586 597 691 656 magna
718 577 914 654 expectatione
934 578 1020 644 venit,
1045 577 1185 653 dixitque,

221 668 341 746 perutile
356 685 417 724 esse
438 667 592 733 consilium,
612 667 690 743 quod
704 667 907 723 Themistocles
928 667 1049 732 afferret,
1065 665 1117 722 sed
1130 667 1184 722 mi-

220 757 295 814 nime
309 757 468 816 honestum.
510 757 612 831 Itaque
633 756 832 822 Athenienses,
852 755 931 831 quod
952 756 1104 813 honestum
1125 774 1186 812 non

221 852 303 910 esset,
312 845 341 901 id
350 863 386 901 ne
394 845 463 902 utile
472 845 587 920 quidem
594 851 779 919 putaverunt:
795 851 941 920 totamque
950 863 1013 901 eam
1019 863 1186 920 remquam

170 938 206 993 la
222 951 257 990 ne
271 933 419 990 audierant
429 934 552 1010 quidem,
562 939 678 990 anctore
686 932 812 989 Aristide
822 933 1052 1008 repudiaverunt.
1080 932 1185 994 Melius

220 1021 258 1089 hi,
268 1040 353 1097 quam
363 1041 423 1090 nos,
433 1022 481 1100 qui
491 1023 599 1100 piratas
606 1022 755 1088 immunes,
767 1021 858 1078 socios
872 1021 1026 1099 vectigales
1034 1022 1183 1080 babemus.

260 1199 327 1258 XII.
349 1200 464 1258 Maneat
474 1219 552 1278 erge,
567 1197 644 1276 quod
658 1204 742 1275 turpe
757 1197 801 1266 sit,
817 1198 846 1256 id
861 1217 1005 1276 nunquam
1019 1217 1081 1257 esse
1094 1199 1164 1256 utile
1176 1217 1184 1266 ;

220 1305 257 1346 ne
271 1297 335 1347 tum
355 1290 478 1366 quidem,
493 1309 558 1348 cum
579 1289 617 1355 id,
632 1287 709 1364 quod
730 1306 792 1345 esse
814 1288 883 1344 utile
908 1295 1002 1364 putes,
1017 1288 1183 1365 adipiscare.

221 1377 285 1436 Hoc
300 1378 373 1436 enim
383 1380 477 1456 ipsum
487 1379 556 1436 utile
567 1385 676 1456 putare,
689 1376 767 1454 quod
776 1384 861 1454 turpe
870 1377 915 1444 sit,
926 1377 1121 1434 calamitosum
1130 1384 1182 1434 est.

188 1472 206 1525 2
221 1466 279 1524 Sed
292 1467 427 1533 incidunt,
442 1475 575 1543 utsupra
589 1467 654 1532 dixi,
669 1485 746 1542 saepe
761 1485 863 1533 causae,
879 1485 944 1522 curu
954 1485 1114 1544 repugnare
1128 1467 1183 1524 uti·

220 1554 285 1612 litas
298 1555 439 1612 honestati
453 1555 591 1622 videatur,
606 1563 640 1612 ut
652 1554 932 1613 animadvertendum
946 1556 990 1622 sit,
1005 1562 1183 1632 repugnetne

189 1643 313 1720 8plaue,
328 1661 364 1702 au
378 1642 470 1718 possit
483 1663 548 1700 cum
568 1645 717 1700 honestate
740 1644 881 1721 conjungi.
923 1645 994 1720 Ejus
1014 1645 1123 1721 generis
1137 1645 1184 1701 hae

221 1737 288 1790 sunt
307 1731 496 1806 questiones:
518 1731 557 1798 si,
577 1732 700 1808 exempli
720 1735 819 1810 gratia,
834 1733 981 1790 virbonus
1001 1732 1184 1791 Alexandrea

220 1819 355 1876 Rhodum
373 1838 509 1897 magnum
529 1821 663 1878 frumenti
682 1841 831 1879 nnmerum
852 1822 1000 1880 advexerit
1013 1823 1041 1880 in
1056 1822 1182 1880 Rhodio-

220 1926 284 1966 rum
305 1907 399 1985 iuopia
421 1909 547 1966 etfama
569 1929 734 1987 summaque
758 1929 877 1968 annonae
900 1912 1036 1980 caritate;
1060 1913 1084 1970 si
1106 1912 1183 1968 idem

221 1997 300 2064 sciat,
315 1999 476 2074 complures
498 2006 668 2056 mercatores
690 1999 872 2056 Alexandrea
893 2000 1017 2067 solvisse,
1039 2019 1182 2077 navesque

220 2085 249 2144 in
263 2105 357 2154 cursu,
371 2088 514 2146 frumento
528 2094 651 2154 onustes,
662 2094 791 2164 petentes
805 2088 941 2145 Rhodum
954 2089 1070 2146 viderit:
1092 2089 1182 2147 dictu-

221 2195 307 2234 rusne
320 2175 356 2234 sit
370 2177 400 2234 id
415 2176 543 2244 Rhodiis,
559 2196 595 2233 an
616 2176 724 2233 silentio
748 2195 832 2233 suum
847 2195 932 2252 quam
952 2179 1072 2255 plurimo
1086 2178 1181 2236 vendi-

78 2331 85 2340 ·
188 2267 324 2325 Aturus?
366 2267 531 2344 Sapientem
546 2273 575 2323 et
589 2267 695 2324 bonum
709 2265 801 2323 virum
814 2267 964 2343 fingimus:
986 2267 1023 2324 de
1037 2267 1099 2344 ejus
1113 2267 1182 2325 deli·

221 2355 365 2414 beratione
379 2364 408 2414 et
430 2355 633 2414 consultatione
646 2355 808 2432 querimus,
824 2355 872 2432 qui
892 2356 1034 2413 celaturus
1055 2356 1182 2413 Rhodios

221 2461 278 2502 non
292 2446 336 2512 sit,
353 2445 376 2502 si
389 2445 419 2502 id
439 2452 524 2522 turpe
542 2444 660 2521 judicet,
682 2445 732 2501 sed
754 2444 873 2511 dubitet,
895 2463 931 2500 an
951 2453 1035 2521 turpe
1059 2464 1115 2502 nou
1137 2446 1181 2503 sit.

189 2533 257 2594 dIn
279 2534 443 2611 hujusmodi
463 2535 554 2592 causis
576 2533 653 2591 aliud
674 2533 795 2611 Diogeni
816 2534 973 2611 Babylonio
992 2533 1079 2592 rideri
1101 2535 1180 2602 solet,

220 2641 326 2701 magno
339 2630 369 2680 et
382 2623 462 2700 gravi
476 2623 587 2680 Stoico:
609 2623 687 2679 aliud
707 2622 868 2698 Antipatro,
883 2623 1021 2700 discipulo
1041 2623 1111 2700 ejus,
1131 2624 1181 2680 bo·

222 2711 290 2769 mini
303 2711 474 2768 acutissime.
516 2711 679 2788 Antipatro,
694 2711 787 2768 omnia
801 2710 1003 2788 patefacienda,
1019 2719 1099 2770 utne
1113 2712 1181 2788 quid

222 2799 343 2864 omnino,
358 2798 436 2875 quod
450 2797 580 2856 venditor
593 2799 675 2866 norit,
690 2807 803 2876 emptor
821 2801 949 2878 ignoret;
971 2799 1100 2878 Diogeni,
1115 2819 1180 2858 ven-

221 2888 349 2955 ditorem,
371 2894 512 2964 quatenus
537 2887 601 2964 jure
628 2887 700 2944 civili
728 2889 913 2946 constitutum
933 2889 977 2957 sit,
1000 2889 1182 2947 dicere'vitia

221 2984 360 3056 oportere,
376 2985 470 3036 cetera
484 2977 543 3034 sine
556 2976 661 3034 insidiis
675 2995 778 3056 agere;
800 2986 829 3035 et
839 2979 971 3054 quoniam
985 2978 1097 3046 vendat,
1109 2979 1181 3035 velle

190 3073 308 3145 dquam
328 3067 434 3144 optime
448 3068 578 3125 vendere.
619 3066 740 3133 Advexi;
756 3068 881 3144 exposui,
896 3067 988 3124 vendo
1009 3087 1104 3124 meum
1125 3087 1182 3124 non
1269 3095 1279 3122 ι

223 3157 320 3235 pluris,
335 3175 420 3232 quem
442 3157 535 3222 ceteri,
557 3157 676 3213 fortasse
698 3155 784 3212 etiam
802 3156 924 3220 minoris,
945 3176 1012 3213 cum
1034 3157 1125 3233 major
1138 3164 1182 3214 est

188 3247 207 3302 7
223 3245 317 3322 copia:
330 3245 376 3302 oui
385 3245 417 3302 fit
425 3245 544 3320 injuria?
566 3245 698 3301 Exoritur
705 3244 848 3320 Antipatri
858 3245 928 3301 ratio
935 3264 970 3301 ex
984 3246 1072 3302 altera
1081 3253 1179 3322 parte:

222 3333 298 3404 Quid
312 3333 375 3390 ais?
416 3333 467 3398 Tu,
483 3352 548 3390 cum
562 3333 723 3390 hominibus
742 3333 888 3390 consulere
909 3333 1022 3400 debeas,
1037 3340 1067 3391 et
1080 3334 1181 3391 servire

221 3426 354 3483 humanae
367 3421 503 3488 societati,
518 3440 607 3497 eaque
627 3421 691 3498 lege
711 3429 795 3478 natus
816 3422 862 3490 sis,
877 3429 907 3479 et
926 3441 960 3479 ea
981 3423 1086 3480 habeas
1108 3423 1180 3499 prin-

224 3513 296 3591 cipia
309 3519 427 3577 naturae,
442 3511 543 3587 quibus
558 3529 664 3586 parere,
680 3517 709 3567 et
723 3529 788 3587 quae
808 3512 887 3588 sequi
901 3510 1014 3578 debeas,
1030 3519 1063 3568 ut
1076 3513 1181 3568 utilitas

223 3611 273 3661 tua
287 3600 441 3658 communis
457 3601 492 3657 sit
505 3598 620 3664 utilitas,
636 3600 814 3674 vicissimque
835 3601 991 3656 eommunis
1004 3599 1112 3657 utilitas
1132 3606 1181 3656 tua

224 3691 278 3756 sit;
300 3688 403 3746 celabis
417 3687 552 3754 homiues,
567 3687 636 3763 quid
648 3687 681 3744 iis
701 3687 776 3743 adsit
789 3687 998 3745 commoditatis
1017 3695 1047 3745 et
1067 3688 1180 3766 copiae?
