2648 4288
409 397 494 435 11111111
509 399 528 436 1.
571 397 636 437 cnr.
653 399 744 438 xxvrr.
1048 389 1086 442 ³5

93 544 130 581 ros
154 543 278 602 geramus
306 526 489 583 summissius.
537 527 684 586 Panaetius
711 528 827 605 quidem
855 530 1066 597 Africanum,5

93 614 224 672 inditorum
237 621 266 671 et
280 614 444 673 familiarem
461 633 558 682 suum,
574 617 688 674 solitum
709 619 749 675 ait
769 619 871 686 dicere,
886 628 918 676 ut
935 639 1032 696 equos

93 712 188 780 ›ropter
197 705 305 762 crebras
314 707 506 762 contentiones
517 707 683 784 proeliorum
693 707 840 766 ferocitate
849 709 1032 776 exsultantes,

93 793 251 852 lomitoribus
273 796 385 852 tradere
406 796 524 862 soleant,
540 796 630 854 uthis
650 797 821 856 facilioribus
842 799 951 877 possint
972 799 1014 856 uti

93 883 116 940 ic
138 885 255 941 homines
279 885 412 942 secundis
436 886 522 944 rebus
545 887 696 944 effrenatos
720 888 829 964 sibique
850 888 1033 966 praefidentes

93 992 212 1049 amquam
231 975 259 1031 in
280 994 386 1052 gyrum
407 975 522 1033 rationis
544 984 573 1034 et
595 976 732 1034 doctrinae
754 976 820 1034 duci
841 985 1033 1055 oporterent

93 1063 256 1140 erspicerent
269 1083 364 1120 rerum
378 1065 566 1123 humanarum
580 1066 802 1124 imbecillitatem
812 1067 1033 1144 varietatemque

93 1159 197 1210 ntunae.
237 1154 335 1230 Atque
356 1153 442 1210 etiam
465 1155 493 1212 in
514 1155 722 1213 secundissimis
741 1157 827 1214 rebus
847 1157 969 1214 maxime
989 1161 1065 1214 estss

93 1243 204 1298 ,tendum
218 1243 332 1299 consilio
346 1243 509 1310 amicorum,
523 1245 624 1320 hisque
643 1246 734 1322 major
748 1245 842 1312 etiam,
857 1265 943 1322 quam
957 1251 1031 1312 ante,

93 1331 216 1389 ibuenda
229 1332 390 1388 auctoritas.
432 1333 595 1408 Iisdemque
609 1334 786 1410 temporibus
805 1335 964 1391 cavendum
979 1341 1031 1399 est,
1048 1333 1065 1391 7

93 1440 107 1476 e
121 1421 336 1477 assentatoribus
351 1421 555 1496 patefaciamus
568 1441 660 1489 aures,
675 1441 746 1479 neve
766 1421 875 1480 adulari
896 1426 947 1480 no's
962 1423 1033 1480 sina-

93 1528 151 1566 rus:
172 1509 268 1585 inquo
282 1510 341 1566 falli
355 1510 436 1590 facile
451 1519 502 1568 est.
545 1511 627 1568 Tales
649 1512 723 1568 enim
743 1531 795 1569 nos
812 1531 874 1569 esse
888 1521 1032 1589 putamus,

92 1606 102 1655 t
113 1600 176 1676 jure
189 1599 346 1656 laudemur.
382 1601 426 1656 Ex
441 1620 497 1676 quo
509 1596 665 1658 nascuntur
678 1601 891 1660 innumerabilia
905 1609 1033 1680 peccata,

93 1709 133 1745 rm
160 1689 285 1746 homines
310 1689 399 1747 inflati
423 1691 600 1766 opinionibus
625 1691 746 1768 turpiter
768 1691 927 1759 irridentur,
952 1692 1034 1750 etin

93 1779 194 1835 raximis
207 1787 357 1836 versantur
370 1780 520 1838 erroribus.

106 1957 164 2014 Sed
188 1957 253 2014 haec
277 1959 391 2034 quidem
414 1959 559 2017 hactenus
602 1959 678 2018 Illud
702 1967 799 2018 autem
823 1961 863 2019 sic
888 1967 932 2018 est
956 1961 1065 2038 judi-s

93 2049 197 2114 mdum,
213 2049 349 2105 maximas
371 2049 432 2128 geri
451 2069 496 2106 res
517 2057 546 2106 et
567 2049 681 2106 maximi
701 2050 785 2107 animi
806 2051 843 2107 ab
863 2050 904 2117 iis,
919 2051 966 2127 qui
988 2069 1033 2108 res

93 2139 193 2196 ablicas
212 2145 321 2216 regant,
337 2138 415 2214 quod
436 2157 532 2196 earum
554 2138 758 2195 administratio
779 2139 914 2196 latissime
937 2145 1034 2215 pateat

93 2229 100 2284 l
116 2228 309 2305 plurimosque
325 2229 471 2306 pertineat.
506 2228 576 2283 Esse
591 2235 687 2285 autem
701 2228 797 2305 magni
810 2228 894 2284 animi
905 2235 933 2284 et
947 2227 1033 2284 fuisse
1047 2233 1065 2286 9

94 2319 169 2374 ultos
184 2319 270 2375 etiam
284 2318 312 2374 in
325 2317 383 2373 vita
402 2317 500 2384 otiosa,
516 2317 565 2392 qui
584 2325 634 2373 aut
654 2317 857 2394 investigarent
878 2325 928 2372 aut
950 2335 1033 2373 cona-

94 2415 162 2464 ntur
182 2427 288 2485 magna
308 2407 452 2482 quaedam,
468 2425 586 2481 seseque
607 2424 721 2462 suarum
743 2424 838 2462 rerum
852 2405 954 2462 finibus
969 2424 1033 2462 con·

93 2504 203 2563 rorent;
225 2505 275 2553 aut
289 2495 429 2573 interjecti
442 2495 514 2551 inter
529 2495 714 2570 philosophos
729 2503 758 2552 et
772 2513 829 2560 eos,
845 2495 894 2570 qui
908 2513 968 2551 rem
982 2515 1035 2572 pu·

93 2587 167 2643 icam
191 2586 428 2651 administrarent,
454 2585 663 2641 delectarentur
686 2603 716 2641 re
741 2603 793 2641 sua
816 2584 953 2651 familiari,
979 2604 1035 2642 non

93 2697 125 2732 m
147 2677 266 2752 quidem
288 2676 364 2733 omni
384 2675 491 2732 ratione
512 2682 727 2752 exaggerantes,
743 2693 835 2751 neque
852 2674 1035 2732 excludentes

93 2789 97 2818 t
123 2767 188 2843 ejus
213 2786 269 2824 usu
292 2777 367 2832 suos
390 2765 540 2842 potiusque
564 2772 593 2822 et
614 2765 710 2822 amicis
734 2765 926 2843 impertientes
947 2772 975 2822 et
995 2764 1036 2823 rei

93 2857 197 2924 rblicae,
221 2856 380 2934 siquando
402 2876 471 2912 usus
493 2865 576 2912 esset.
619 2856 691 2924 Quae
714 2855 836 2932 primum
858 2856 930 2913 bene
952 2859 1088 2932 partulo

93 2989 103 3013 1,
130 2948 213 3004 nullo
238 2964 330 3022 neque
354 2946 431 3023 turpi
456 2953 579 3022 quaestu,
605 2963 697 3021 neque
721 2946 837 3002 odioso:
863 2952 925 3002 tum
948 2963 1036 3019 quam

93 3037 201 3103 nrirnis,
219 3037 306 3093 modo
327 3036 427 3113 dignis
444 3055 474 3092 se
490 3036 587 3092 utilem
609 3027 754 3112 praebeat:
777 3035 879 3092 deinde
896 3042 1036 3109 augeatur

93 3236 146 3273 ,am
170 3215 336 3274 liberalitati
357 3223 385 3272 et
406 3213 598 3272 beneficentiae
622 3221 729 3289 pareat.
771 3213 845 3270 Haec
867 3212 1035 3290 praescripta
1051 3216 1086 3270 11

93 3315 226 3362 rvantem
241 3306 307 3363 licet
321 3304 479 3382 magnifice,
493 3303 617 3382 graviter
637 3303 817 3380 animoseque
831 3303 933 3370 vivere,
949 3311 1035 3379 atque

94 3415 145 3452 am
160 3395 338 3472 simpliciter,
353 3393 482 3460 fideliter,
497 3393 563 3451 vitae
578 3393 724 3450 hominum
738 3393 836 3450 amice.

93 3578 232 3634 XXVII.
257 3577 399 3654 Sequitur,
413 3584 448 3665 ut
462 3576 498 3633 de
513 3595 570 3634 una
590 3575 698 3652 reliqua
718 3582 800 3652 parte
821 3573 975 3630 honestatis
994 3571 1035 3628 di·
1068 3579 1103 3610 ·'=‘

93 3667 187 3722 ndum
200 3667 256 3723 sit:
272 3667 300 3722 in
310 3687 367 3743 qua
382 3667 637 3732 verecundia,
653 3673 683 3723 et
696 3666 776 3743 quasi
790 3664 905 3740 quidam
920 3669 1036 3719 ornatus

94 3776 134 3825 ae,
163 3757 439 3834 temperantia
463 3763 501 3813 et
525 3755 737 3820 modestia,
759 3753 905 3828 omnisque
928 3750 1036 3810 sedatio
