2750 4284
515 361 602 400 maan
614 363 659 402 111.
700 363 767 402 css.
782 363 815 404 11.
1132 345 1170 406 87

159 503 224 542 eam
243 485 422 546 solitudinem
442 486 576 566 languere
597 491 696 566 patior,
711 509 796 567 quem
811 491 878 548 mihi
892 489 987 549 adfert
1000 490 1120 549 necessi·

159 580 214 640 tas,
228 595 285 632 non
298 577 438 634 voluntas.
480 578 659 655 Quamquam
674 579 826 636 Africanus
846 581 984 658 majorem
1005 580 1118 638 laudem
1135 586 1172 639 10

159 681 225 721 meo
244 665 350 741 judicio
374 663 585 742 assequebatur.
628 668 715 725 Nulla
735 669 809 725 euim
830 669 892 746 ejus
906 669 1008 747 ingenii
1020 688 1118 726 monu-
1134 675 1170 729 11

159 761 256 810 menta
276 754 410 811 mandata
430 754 538 822 litteris,
553 755 662 814 nullum
677 775 749 833 opus
763 758 944 824 cuinullum
964 757 1120 816 solitudinis

159 859 263 899 munus
285 850 372 900 extat.
413 844 458 902 Ex
478 863 535 920 quo
555 844 672 922 intelligi
696 846 790 912 debet,
807 847 887 904 illum
910 847 1011 904 mentis
1032 847 1119 924 agita-

159 929 234 988 tione
254 931 524 1009 investigationeque
538 951 636 992 earum
656 953 759 1002 rerum,
774 953 844 1011 quas
858 935 1008 1013 cogitando
1022 953 1119 993 conse·

159 1019 306 1094 quehatur‚
329 1039 421 1098 neque
441 1022 562 1079 otiosum
583 1042 636 1080 neo
660 1024 752 1081 solum
775 1043 899 1100 unquam
922 1025 1016 1082 fuisse.
1058 1025 1120 1082 Nos

157 1115 261 1175 autem,
273 1110 321 1185 qui
334 1129 391 1167 non
404 1117 516 1168 tantum
529 1112 637 1169 roboris
650 1112 797 1178 hahemus,
809 1119 842 1170 ut
852 1113 1019 1190 cogitatione
1033 1114 1120 1172 tacita

158 1215 176 1252 a
188 1197 338 1256 solitudine
358 1199 565 1266 abstrahamur,
586 1200 624 1258 ad
646 1201 720 1258 hanc
740 1200 879 1258 scribendi
900 1219 1015 1278 operam
1038 1220 1120 1260 omne

157 1286 285 1344 studium
297 1306 450 1364 curamque
461 1288 658 1346 convertimus.
687 1290 788 1365 Itaque
803 1289 885 1365 plura
899 1290 977 1346 brevi
990 1298 1119 1367 tempore
1135 1296 1171 1348 12

157 1393 264 1442 eversa,
278 1395 364 1451 quam
377 1377 474 1434 multis
487 1377 567 1433 annis
580 1383 673 1434 stante
687 1395 717 1434 re
731 1379 854 1455 publica,
869 1379 1039 1455 scripsimus.

197 1553 237 1610 ΙΙ.
259 1553 318 1611 Sed
333 1573 398 1611 cum
413 1561 474 1612 tota
494 1555 679 1632 philosophia,
695 1555 733 1612 mi
749 1556 857 1624 Cicero,
871 1557 1006 1634 frugifera
1019 1564 1049 1615 et
1060 1558 1119 1616 iru-

157 1649 264 1710 ctuosa,
279 1662 332 1702 nec
346 1645 405 1701 ulla
419 1663 485 1720 pars
500 1644 562 1721 ejus
582 1643 688 1702 inculta
702 1664 735 1702 ec
750 1645 862 1703 deserta
875 1646 927 1703 sit:
949 1653 1011 1703 tum
1024 1647 1119 1704 nullus

156 1732 275 1790 feracior
287 1733 316 1789 in
330 1751 363 1790 ea
377 1734 456 1791 locus
471 1741 514 1790 eet
534 1753 586 1791 nec
600 1734 719 1801 uberior,
735 1753 821 1811 quam
843 1735 880 1792 de
902 1736 1006 1802 officiis,
1021 1755 1039 1792 a
1058 1736 1118 1812 qui·

156 1819 210 1878 hus
221 1829 383 1898 constanter
393 1823 566 1899 honesteque
575 1823 686 1880 vivendi
695 1831 840 1900 praecepta
849 1825 1001 1882 ducuntur.
1024 1825 1117 1892 Quare
1132 1831 1150 1884 2

157 1929 328 1986 quamquam
342 1929 360 1966 a
374 1911 512 1988 Cratippo
532 1919 637 1978 nostro,
653 1913 778 1989 principe
799 1913 884 1990 hujus
899 1914 1041 1971 memoriae
1056 1915 1117 1990 phi·
1153 1934 1155 1938 ·

155 1999 347 2081 Iosophqmm,
362 2001 423 2058 hac
438 2008 466 2058 te
479 2001 593 2058 assidue
614 2001 711 2058 audire
734 2009 820 2077 atque
840 2001 968 2077 accipere
989 2003 1116 2060 confido:

156 2083 424 2147 tameis'conducere
438 2091 566 2156 arbitror,
577 2089 681 2147 talibus
695 2109 778 2146 aures
792 2098 857 2146 tuas
868 2091 985 2148 vocibus
995 2092 1118 2167 undique

156 2177 379 2245 circumsonare;
400 2197 452 2236 nec
466 2198 523 2246 eas,
538 2179 634 2236 siheri
649 2179 745 2255 possit,
756 2179 906 2254 quiequam
920 2178 997 2236 aliud
1011 2180 1116 2238 audire.

157 2266 240 2335 Quod
261 2287 328 2325 cum
350 2268 481 2325 omnihus
501 2275 546 2324 est
566 2267 735 2333 iaciendum,
750 2267 799 2343 qui
812 2267 899 2324 vitem
913 2268 1061 2324 honestam
1075 2268 1116 2324 in·
1130 2275 1148 2327 3

155 2356 238 2434 gredi
250 2358 383 2435 cogitant,
400 2365 464 2414 tum·
481 2357 558 2414 haud
579 2357 637 2414 scio
659 2375 696 2412 an
718 2357 820 2412 nemini
841 2357 943 2432 potius,
959 2373 1044 2432 quam
1057 2356 1116 2415 tibi.

156 2445 284 2504 Sustines
305 2445 379 2503 enim
399 2465 456 2502 non
483 2465 600 2522 parvam
623 2445 847 2521 expectationem
873 2444 1016 2502 imitandae
1036 2444 1149 2502 indu-4

155 2535 232 2592 striae
250 2544 362 2601 nosue,
377 2553 511 2613 magnam
535 2535 681 2600 honorum,
703 2534 867 2592 nonnullam
886 2534 1006 2590 fortasse
1029 2534 1116 2590 nomi-

154 2623 205 2680 nis.
248 2623 403 2700 Suscepisti
417 2643 488 2680 onus
509 2631 646 2700 praeterea
666 2641 754 2700 grave
768 2630 797 2680 et
810 2623 989 2680 Athenarum
1003 2630 1032 2680 et
1047 2623 1114 2680 Ora·
1130 2631 1147 2682 5

117 2761 123 2770 .
155 2713 245 2791 tippi:
267 2714 304 2770 ad
320 2732 470 2789 quoscum
485 2709 630 2788 temquam
651 2712 688 2768 ad
709 2721 899 2770 mercaturam
919 2713 1057 2770 honarum
1072 2731 1115 2772 ar-

155 2802 225 2860 tium
247 2803 285 2860 sis
307 2802 460 2879 profectus,
475 2802 586 2859 inanem
608 2802 699 2860 redire
720 2802 913 2878 turpissimum
928 2810 980 2868 est,
995 2801 1115 2859 dedeco-

155 2901 264 2949 rantem
284 2901 314 2948 et
334 2891 411 2948 urbis
431 2891 629 2948 auctoritatem
642 2899 672 2948 et
686 2891 821 2968 magistri.
863 2893 958 2959 Quare
978 2897 1148 2966 quantumi

156 2980 258 3037 conniti
272 2980 364 3036 animo
378 2987 469 3056 potes,
484 2987 622 3056 quantum
642 2979 739 3038 labore
754 2981 924 3037 contendere
940 2978 976 3055 (si
990 2979 1117 3036 discendi

155 3069 235 3126 labor
249 3076 292 3125 est
306 3069 506 3145 potiusquam
520 3067 664 3146 voluptas)
677 3076 785 3125 tantum
800 3068 845 3124 iae
860 3075 892 3126 ut
905 3067 1024 3126 efficias:
1046 3087 1116 3124 neve

157 3158 324 3224 committas,
340 3166 381 3224 ut,
396 3176 461 3214 cum
475 3157 569 3214 omnia
589 3157 772 3233 suppeditata
786 3157 842 3213 sint
855 3175 873 3212 a
886 3156 974 3222 nobis,
990 3164 1052 3214 tute
1066 3156 1117 3214 tihi

156 3247 277 3304 defuisse
293 3231 412 3304 videare.
454 3245 513 3304 Sed
527 3245 588 3302 haec
603 3245 749 3302 hactenus.
792 3245 886 3302 Multa
899 3245 974 3302 enim
988 3264 1065 3322 sape
1078 3246 1115 3304 ad
1131 3245 1148 3304 'i

156 3343 184 3392 te
198 3335 363 3393 cohortandi
383 3335 475 3413 gratia
488 3335 658 3411 scripsimus,
700 3334 784 3392 Nunc
797 3334 834 3390 ed
849 3335 986 3412 reliquam
1000 3343 1111 3413 partem

156 3425 307 3502 propositae
321 3424 462 3481 divisionis
476 3431 659 3481 revertamur.
707 3451 710 3460 =

194 3514 396 3571 Panaetius
421 3514 514 3590 igitur,
530 3513 578 3589 qui
602 3513 661 3570 sine
686 3513 876 3570 controversia
896 3511 932 3570 de
953 3511 1049 3568 officiis
1069 3517 1149 3568 sac-8

157 3601 328 3660 curatissime
343 3601 505 3678 disputavit,
517 3621 657 3678 quemque
671 3621 731 3666 nos,
744 3601 915 3658 correctione
928 3598 1053 3676 quadam
1066 3598 1115 3654 ad-
1131 3637 1136 3650 ,

155 3691 252 3757 hibita,
268 3690 444 3766 potissimum
457 3690 546 3748 secuti
559 3709 667 3758 sumus,
682 3690 773 3748 trihus
792 3688 942 3766 generibus
955 3685 1116 3766 propositis,
