2750 4284
175 327 233 380 nc
585 339 624 378 nn
638 340 765 380 omens

225 465 349 532 interest,
364 471 461 524 utrum
482 483 518 522 ex
539 466 652 524 homine
672 486 704 524 se
722 475 869 526 convermt
881 467 946 544 quis
962 467 993 526 in
1009 467 1134 536 belnam,
1149 487 1189 526 nn

224 555 343 612 bominis
356 555 446 630 figura
458 554 661 612 immemorem
674 563 757 633 geret
769 556 885 614 belnae?

263 730 341 788 XXI.
363 731 460 799 Quid?
481 730 529 806 qui
542 731 635 788 omnia
648 738 726 788 recta
744 739 774 790 et
793 731 912 790 honesto
930 732 1088 810 negligunt,
1102 733 1187 790 dnm·

224 818 311 876 modo
326 826 393 894 pot
402 839 444 876 cn
452 827 465 876 t
473 819 482 875 i
490 838 508 874 a
516 837 545 874 m
562 827 778 894 consequentur,
789 838 880 877 nonne
893 820 969 878 idem
979 821 1094 888 lociunt,
1106 821 1188 897 quod

224 907 256 971 is,
270 908 318 982 qni
331 908 416 965 etiam
429 926 558 966 cocernm
576 907 681 964 bebere
694 907 784 964 voluit
802 925 878 976 eum,
893 908 975 985 cnjus
991 910 1053 985 ipse
1065 908 1189 966 audacis

188 1001 210 1055 2
225 1005 326 1071 potens
339 997 435 1054 esset?
466 996 543 1054 Utile
554 996 579 1052 ei
588 995 736 1054 videbatur
750 995 904 1073 plurimum
918 1015 1001 1073 posse
1012 997 1128 1054 alterius
1141 997 1186 1052 in-

224 1084 314 1142 vidia:
335 1085 364 1142 id
378 1103 464 1161 quom
477 1085 614 1161 injustum
626 1083 654 1140 in
669 1083 798 1160 patriam,
808 1091 838 1141 et
851 1103 937 1162 quem
950 1091 1043 1162 turpe,
1054 1093 1084 1142 et
1097 1103 1187 1160 qnam

192 1173 321 1230 tinutile
341 1181 425 1240 essct,
439 1192 495 1230 non
509 1172 629 1230 videbat.
672 1173 739 1247 Ipse
757 1179 854 1230 autem
873 1191 953 1230 socer
965 1174 995 1230 in
1008 1192 1057 1230 ore
1071 1192 1187 1249 semper

226 1262 341 1320 Graecos
355 1281 453 1320 versus
466 1261 502 1318 de
516 1259 671 1318 Phoenissis
685 1261 817 1327 habebut,
828 1279 901 1335 quos
911 1262 1004 1320 dicam
1017 1271 1051 1320 ut
1063 1271 1165 1339 potero
1177 1280 1187 1328 ;

224 1349 364 1408 incondite
378 1351 506 1417 fortasse,
520 1349 571 1406 sed
584 1357 680 1406 tamen
692 1355 784 1404 utres
798 1349 887 1424 possit
900 1349 1036 1428 intelligi:

342 1471 422 1527 Nam
436 1472 461 1525 si
474 1470 636 1525 violandum
648 1468 752 1542 estjns,
767 1469 902 1540 reprccndi
911 1471 1007 1540 pratris

351 1558 519 1614 Violrnndcm
533 1566 570 1614 est
584 1577 593 1613 :
613 1559 679 1613 aliis
691 1558 770 1612 rebus
778 1558 909 1629 pietatm
922 1558 1003 1615 coles.

192 1683 210 1734 4
226 1677 360 1754 Capitalis
380 1677 517 1742 Eteoclen,
533 1677 578 1734 vel
599 1677 693 1753 potius
711 1677 868 1754 Euripides,
883 1678 934 1755 qui
951 1677 980 1734 id
994 1697 1091 1746 unum,
1105 1677 1187 1758 quod

225 1766 349 1824 omnium
369 1765 611 1822 sceleratissimum
631 1766 723 1833 luerit,
739 1765 887 1842 exceperit.
929 1766 1004 1834 Quid
1024 1766 1111 1844 igitur
1130 1767 1185 1824 mi-

224 1861 293 1910 nute
307 1854 469 1931 colligimus
485 1854 663 1921 hereditates,
678 1862 859 1920 mercaturas,
874 1855 1047 1911 venditiones
1067 1855 1185 1913 fraudu-

193 1943 337 2001 blentas‘?
377 1943 450 2000 Ecce
465 1943 524 2009 tibi,
539 1943 587 2019 qui
603 1963 653 2000 rex
673 1943 771 2018 populi
789 1943 909 1999 Romani
922 1943 1109 2020 dominusque
1123 1964 1185 2001 om·

125 2108 127 2117 ¹
193 2031 300 2089 finium
315 2032 440 2109 gentium
460 2051 522 2088 esse
543 2031 720 2108 concupierit,
736 2031 820 2107 idque
841 2031 997 2108 perfecerit.
1039 2031 1120 2088 Hanc
1134 2051 1184 2089 cu-

226 2121 372 2198 piditatem
384 2122 406 2178 si
417 2122 563 2178 honestam
575 2120 637 2196 quis
648 2138 708 2176 esse
718 2119 793 2184 dicit,
804 2138 899 2176 amens
910 2128 961 2176 est.
992 2120 1099 2178 Probat
1110 2120 1185 2178 enim

221 2210 320 2288 kgum
329 2220 358 2267 et
367 2211 503 2268 libertatis
512 2209 669 2265 interitum:
684 2227 835 2284 earumque
846 2209 1063 2284 oppressionem,
1072 2215 1184 2266 taetram

194 2298 210 2357 '1
226 2307 254 2355 et
269 2299 472 2364 detestabilem,
487 2298 638 2376 gloriosam
653 2303 744 2374 putat.
779 2296 833 2364 Qui
846 2304 942 2352 autem
956 2297 1069 2364 fatetur,
1081 2297 1183 2354 bones·

224 2395 286 2446 tum
300 2407 355 2446 non
369 2408 430 2446 esse
443 2387 471 2443 in
485 2406 518 2444 ea
532 2386 650 2452 civitate,
665 2405 730 2461 quae
745 2384 832 2441 libera
849 2385 910 2452 fuit,
925 2403 1045 2461 quaeque
1059 2404 1119 2442 esse
1134 2384 1184 2442 de·

226 2476 299 2544 beat,
320 2496 447 2554 regnare,
467 2476 518 2532 sed
539 2476 572 2542 ei,
588 2473 635 2550 qui
655 2473 684 2530 id
708 2473 800 2530 lacere
821 2474 917 2549 possit,
937 2493 998 2532 esse
1019 2473 1103 2530 utile:
1126 2493 1184 2550 qua

225 2565 300 2623 hun'c
324 2565 518 2642 objurgatione
539 2575 588 2620 eut
611 2583 668 2639 quo
692 2562 786 2639 potins
807 2562 931 2620 convicio
951 2581 968 2618 a
989 2570 1069 2620 tanto
1090 2582 1184 2622 erroro

193 2659 211 2710 8
226 2672 310 2709 coner
329 2653 470 2710 avellere?
511 2653 611 2710 Potest
629 2651 711 2718 enim,
727 2650 765 2707 dii
778 2651 958 2718 immortales,
974 2651 1104 2727 cuiqnam
1119 2671 1181 2709 esse

225 2740 293 2797 utile
307 2740 491 2796 foedissimum
505 2749 534 2797 et
548 2740 733 2798 taeterrimum
748 2739 926 2816 parricidium
944 2739 1062 2817 patriae:
1085 2760 1182 2816 quem-

225 2829 266 2884 vis
287 2829 318 2894 is,
340 2827 387 2904 qui
408 2847 492 2884 seeo
516 2828 703 2894 obstrinxerit,
725 2828 762 2884 ab
782 2828 924 2903 oppressis
945 2827 1052 2884 civibus
1075 2828 1183 2885 Perens

194 2923 211 2976 9
226 2916 404 2974 nominetur?
433 2915 588 2973 Honestate
599 2916 684 2992 igitur
695 2915 840 2992 dirigenda
851 2915 956 2972 utilitas
966 2923 1018 2981 est,
1030 2923 1059 2972 et
1069 2916 1184 2992 quidem

227 3005 274 3071 sic,
290 3012 322 3062 ut
341 3006 405 3063 haec
419 3005 485 3072 duo,
500 3005 586 3061 verbo
606 3004 678 3060 inter
697 3023 726 3060 se
741 3005 910 3080 discrepare,
925 3023 955 3060 re
975 3023 1064 3060 unum
1084 3023 1182 3062 sonere

176 3099 212 3152 10
226 3093 380 3150 videantur.
421 3094 486 3149 Non
500 3093 599 3158 habeo,
614 3090 651 3147 ad
666 3091 745 3169 vulgi
760 3092 925 3168 opinionem,
941 3109 1005 3166 quae
1025 3091 1116 3167 major
1128 3091 1182 3148 uti·

226 3180 298 3245 litas,
319 3199 404 3255 quam
424 3181 567 3257 regnandi,
589 3198 650 3236 esse
671 3180 777 3256 possit:
798 3179 866 3236 nihil
887 3188 986 3236 contra
1004 3179 1128 3236 inutilius
1148 3179 1181 3246 ei,

226 3267 273 3344 qui
293 3267 396 3343 injuste
417 3275 583 3324 consecutus
604 3267 648 3333 sit,
669 3268 787 3332 invenio,
803 3287 869 3324 cum
888 3267 925 3324 ad
943 3267 1089 3324 veritatem
1109 3266 1183 3346 coepi

176 3361 210 3415 11
227 3373 358 3414 revocare
372 3353 513 3412 rationem.
555 3355 679 3413 Possunt
693 3355 765 3412 enim
780 3355 912 3430 cuiquam
925 3373 987 3412 esse
1000 3353 1083 3412 utiles
1096 3373 1182 3432 ango-

227 3463 279 3511 res,
297 3441 504 3509 sollicitudines,
520 3443 610 3499 diumi
631 3451 660 3500 et
678 3443 808 3500 nocturni
827 3450 928 3510 metus,
943 3443 1002 3498 vita
1020 3440 1183 3500 insidiarum

226 3531 469 3610 periculorumque
483 3530 665 3607 plenissimo?

180 3653 218 3708 ln
310 3649 405 3708 Multo
418 3650 510 3722 iniqui
522 3657 604 3722 atque
616 3649 741 3722 infideles
753 3667 843 3721 rayno,
853 3651 941 3722 ponci
954 3650 1104 3718 contioni
1201 3699 1205 3710 Ι
