2746 4286
160 289 198 343 10
570 295 608 338 nn
629 295 756 338 osricus

213 426 359 506 quoddam
373 425 494 485 officium
508 426 619 492 dicitur,
630 432 660 484 et
673 425 841 506 perlectum.
874 421 1038 480 Perfectum
1051 421 1175 480 officium

210 525 376 583 rectum,
406 517 513 593 opinor,
534 533 675 580 vocemus,
696 512 774 590 quod
800 513 894 570 Greci
917 511 1087 590 κατόςθωμα,
1118 513 1172 568 hoc

178 614 308 666 tantem
332 623 481 662 commune
505 605 544 662 ol
549 605 564 659 f
570 604 684 662 icium
708 610 819 660 vocant.
861 601 959 677 Atque
980 619 1014 660 ea
1037 601 1077 658 sic
1102 601 1172 658 defi-

209 695 297 760 niunt,
313 701 346 750 ut
359 701 468 750 rectum
483 693 559 768 quod
580 693 624 759 sit,
640 692 669 750 id
690 690 812 748 officium
827 691 985 766 perlectum
999 709 1061 748 esse
1076 688 1173 748 delini-

209 791 274 848 aut;
296 782 421 840 medium
434 787 529 839 autem
540 781 660 838 officium
673 779 703 838 id
717 797 778 837 esse
792 778 898 846 dicunt,
909 779 987 857 quod
1001 797 1051 837 cur
1064 779 1174 838 factum

210 872 255 938 sit,
270 872 344 929 ratio
358 871 511 948 probabilis
524 870 605 928 reddi
620 869 717 945 possit.

177 965 195 1020 6
249 959 362 1037 Triplex
385 959 471 1036 igitur
493 965 544 1025 est,
566 967 599 1016 ut
620 957 747 1016 Panaetio
777 956 896 1024 videtur,
916 956 1022 1016 consilii
1043 957 1173 1034 capiendi

210 1048 382 1106 deliberatio.
425 1047 500 1104 Nam
521 1055 572 1104 aut
592 1047 778 1107 honestumne
798 1046 877 1104 factu
897 1046 940 1112 sit,
956 1063 993 1103 an
1012 1054 1104 1123 turpe,
1120 1047 1172 1104 du-

210 1137 308 1204 bitant,
320 1137 357 1204 id,
369 1136 445 1212 quod
460 1136 488 1193 in
503 1135 730 1194 deliberationem
744 1135 836 1202 cadit;
856 1135 955 1211 inquo
969 1135 1173 1194 considerando

177 1224 194 1284 '1
210 1243 288 1304 stupe
301 1226 386 1284 animi
399 1225 428 1282 in
448 1225 601 1283 contrarias
621 1225 773 1282 sententies
793 1223 994 1282 distrahuntur.
1037 1225 1109 1282 Tum
1123 1244 1173 1283 au·

209 1322 268 1373 tem
287 1323 338 1372 aut
358 1315 517 1391 anquirunt,
537 1320 587 1372 aut
608 1314 775 1380 consultant,
797 1313 835 1370 ad
856 1313 922 1370 vitae
944 1313 1174 1372 commoditatem

208 1404 480 1481 jucunditatemque,
495 1403 533 1460 ad
554 1403 705 1461 facultates
719 1420 811 1460 renum
826 1409 911 1477 atque
924 1402 1028 1478 copies,
1043 1402 1080 1459 ad
1094 1422 1173 1478 opes,

209 1492 247 1550 ud
262 1491 427 1568 potentiam,
441 1491 545 1566 quibus
565 1500 638 1548 etse
653 1491 763 1568 possint
780 1491 880 1568 juvere
900 1498 930 1548 et
943 1510 1018 1557 suos,
1033 1491 1174 1551 conducat

211 1580 240 1637 id
262 1598 359 1645 neone,
375 1579 412 1636 de
432 1598 489 1654 quo
509 1579 681 1638 deliberant:
703 1598 768 1656 quoe
790 1579 954 1638 deliberatio
974 1580 1062 1638 omnis
1080 1579 1109 1638 in
1129 1601 1173 1638 ra·

179 1669 317 1728 titionem
338 1667 466 1724 utilitatis
487 1668 570 1726 cadit.
612 1668 737 1726 Tertium
757 1668 906 1726 dubitandi
926 1688 1016 1746 genus
1036 1677 1088 1736 est,
1108 1690 1174 1730 oum

211 1775 341 1836 pugnare
361 1755 472 1813 videtur
492 1776 557 1813 cum
581 1756 701 1814 honesto
725 1757 763 1824 id,
784 1757 862 1832 quod
882 1757 994 1816 videtur
1014 1777 1075 1816 esse
1095 1760 1172 1818 utile.

212 1849 286 1906 Cum
300 1846 373 1905 enim
387 1847 492 1904 utilitas
507 1848 544 1904 cd
558 1867 589 1905 se
603 1866 711 1924 rapere,
726 1848 858 1905 honestes
872 1855 971 1906 contre
984 1867 1116 1907 revocare
1136 1850 1174 1908 ed

211 1955 242 1995 se
258 1935 377 2001 videtur,
392 1935 433 2003 fit,
447 1944 480 1993 ut
494 1937 668 1995 distrahatur
686 1937 713 1994 in
728 1937 910 1996 deliberando
930 1937 1047 2004 animus,
1062 1939 1173 1997 afferat·

179 2031 267 2103 tque
286 2024 438 2101 ancipitem
459 2044 556 2083 curem
576 2026 726 2104 cogitandi.
769 2026 832 2083 Heo
852 2026 993 2093 divisione,
1016 2045 1081 2084 cum
1102 2047 1173 2105 prm-

211 2115 295 2172 terire
316 2115 422 2192 aliquid
443 2115 597 2172 maximum
617 2116 716 2173 vitium
735 2115 764 2172 in
785 2115 936 2172 dividendo
956 2115 1001 2182 sit,
1024 2115 1082 2175 duo
1102 2135 1173 2193 proe·

211 2204 340 2262 termisss
354 2211 428 2263 siunt.
470 2204 532 2262 Nec
546 2204 620 2262 enim
634 2205 735 2271 solum,
751 2211 847 2260 utrum
868 2204 1026 2270 honestum,
1041 2224 1076 2262 an
1090 2214 1174 2283 turpe

212 2293 257 2360 sit,
273 2293 423 2352 deliberari
442 2293 531 2360 solet;
553 2294 603 2351 sed
624 2294 719 2360 etiam,
736 2293 849 2351 duobus
869 2293 1020 2369 propositis
1040 2295 1173 2362 honestis,

211 2388 308 2440 utrum
321 2382 484 2449 honestius;
505 2383 638 2460 itemque,
650 2383 764 2440 duobus
778 2381 929 2459 propositis
942 2381 1067 2449 utilibus,
1078 2391 1174 2442 utrum

160 2475 197 2530 10
211 2472 315 2532 utilius.
357 2475 412 2540 Ita,
433 2492 519 2549 quam
540 2473 586 2531 ille
607 2473 746 2549 triplicem
766 2471 877 2549 putavit
898 2489 962 2530 esse
980 2473 1125 2540 rationem,
1146 2475 1174 2532 in

211 2561 334 2639 quinque
355 2569 450 2638 partes
471 2562 598 2620 distribui
619 2562 722 2620 debere
744 2561 891 2638 reperitur.
932 2561 1060 2619 Primum
1086 2562 1173 2640 igitur

212 2658 256 2706 ost
270 2650 307 2707 de
321 2652 449 2715 honesto
465 2650 516 2706 sed
531 2650 691 2725 dupliciter,
702 2658 764 2707 tum
779 2651 840 2726 pari
853 2651 961 2708 ratione
975 2651 1011 2708 de
1025 2652 1093 2719 utili,
1109 2659 1175 2730 post

212 2738 250 2796 de
264 2739 473 2815 comparatione
486 2757 586 2796 eorum
600 2737 804 2798 disserendum.

252 2915 305 2974 IV.
327 2915 470 2992 Principio
483 2915 580 2994 generi
598 2917 781 2976 animantium
795 2917 871 2975 omni
884 2924 929 2976 est
942 2937 960 2975 e
972 2926 1074 2977 natura
1087 2917 1174 2978 tribu-

212 3011 283 3071 tum,
299 3011 332 3062 ut
351 3023 390 3071 se,
412 3005 499 3064 vitem
520 3025 680 3084 corpusque
700 3014 822 3074 tueatur,
837 3007 1016 3084 declinetque
1040 3027 1083 3075 ea,
1107 3029 1173 3085 quae

210 3093 340 3151 nocitura
369 3094 526 3162 videantur,
548 3095 705 3172 omnisque,
727 3115 792 3172 quae
819 3095 874 3152 sint
900 3096 937 3154 ad
957 3096 1107 3156 vivendum
1127 3117 1174 3156 ne-

211 3182 341 3249 cessaria,
363 3183 493 3258 anquirat
513 3190 542 3240 et
564 3191 653 3260 paret,
675 3192 708 3242 ut
728 3193 852 3261 pastum,
874 3191 907 3242 ut
926 3185 1053 3252 latibula,
1069 3192 1101 3243 ut
1121 3186 1176 3244 alia

179 3276 196 3328 2
211 3270 322 3348 generis
336 3271 473 3347 ejusdem.
515 3272 673 3330 Commune
687 3281 784 3330 autem
797 3273 979 3332 animantium
993 3274 1118 3332 omnium
1131 3282 1176 3332 est

211 3359 414 3436 conjunctionis
434 3361 579 3436 appetitus
600 3361 765 3437 procreandi
785 3380 878 3429 causa,
902 3368 931 3419 et
953 3381 1021 3420 cure
1040 3364 1175 3440 quaedam
1279 3379 1283 3384 '
1346 3340 1347 3384 ἒ

179 3453 196 3506 8
211 3466 317 3515 eorum,
333 3466 398 3524 quae
421 3456 569 3525 procreata
582 3457 657 3507 sunt.
699 3449 757 3508 Sed
771 3450 843 3508 inter
858 3451 999 3508 hominem
1013 3458 1041 3508 et
1062 3451 1176 3510 belnum

210 3538 266 3596 hoo
293 3538 414 3595 maxime
437 3537 561 3604 interest,
592 3538 670 3614 quod
698 3539 762 3598 haec
789 3547 908 3606 tantum,
930 3548 1067 3615 quantum
1091 3558 1176 3598 sensu

210 3635 349 3695 moretur,
371 3626 408 3686 ad
431 3625 462 3684 id
490 3626 590 3694 solum,
612 3627 689 3703 quod
709 3628 791 3686 adest
810 3627 944 3705 quodque
965 3645 1094 3705 presens
1121 3635 1174 3698 ost,
