2750 4284
183 363 221 420 so
593 373 631 414 ιιιι
651 371 779 414 cnnrcus

233 505 386 564 honestum
400 503 444 570 sit
459 501 488 561 id
502 521 564 560 esse
584 509 634 560 aut
647 502 739 560 solum
753 506 803 560 aut
816 519 959 558 summum
973 501 1095 560 bonum:
1118 500 1205 580 quod

233 601 330 652 autem
345 595 458 659 bonum,
473 591 501 649 id
516 599 592 649 certe
606 591 690 649 utile:
706 591 745 648 ita
758 591 892 668 quicquid
906 591 1066 659 honestum,
1075 591 1104 650 id
1118 593 1200 652 utile.

200 689 219 742 4
236 685 329 752 Quare
343 701 420 740 error
433 681 579 739 hominum
592 699 648 738 non
662 681 825 758 proborum,
835 699 900 738 curn
911 681 1026 756 ahquid,
1036 681 1114 758 quod
1129 682 1202 738 utile

200 774 323 834 svisum
344 779 396 839 est,
412 770 537 848 arripuit,
552 770 581 828 id
603 771 735 828 continuo
754 769 875 828 secernit
896 771 932 827 ab
955 771 1081 828 honesto.
1123 771 1201 828 Hinc

232 862 308 929 dcte,
318 861 382 922 hinc
390 879 506 926 venena,
516 860 580 918 hinc
591 859 663 916 falsa
674 865 1022 916 testamentamascuntur:
1037 859 1101 916 hino
1111 859 1199 928 furta,

231 951 389 1028 peculatus,
405 948 588 1026 expilationes
609 947 837 1025 direptionesque
860 945 1000 1006 sociorum
1022 954 1051 1004 et
1075 948 1198 1017 civium;

151 1037 154 1044 '
231 1040 295 1098 hinc
309 1059 396 1117 opum
410 1038 558 1096 nimiarum
572 1037 707 1115 potentiae
722 1056 779 1095 non
792 1037 934 1104 ierendae;
953 1043 1097 1114 postremo
1109 1037 1199 1095 etiam

229 1129 258 1186 in
271 1129 365 1188 liberis
379 1127 538 1186 civitatibus
552 1119 689 1204 regnandi
702 1127 827 1184 existunt
841 1126 1020 1203 cupiditates,
1035 1125 1139 1202 quibus
1153 1126 1197 1182 ni-

197 1224 216 1278 6
230 1219 270 1276 hil
284 1238 336 1277 nec
350 1218 468 1286 taetrius,
482 1235 534 1274 nec
548 1216 653 1273 foedius
673 1215 828 1293 excogitari
849 1222 953 1292 potest.
995 1214 1198 1273 Emolumenta

170 1315 174 1324 '
230 1309 304 1366 enim
318 1328 412 1366 rerum
432 1306 580 1364 fallacibus
597 1305 710 1382 judiciis
723 1304 837 1362 vident:
860 1323 985 1382 poenam,
1000 1323 1057 1362 non
1077 1303 1141 1361 dico
1154 1304 1197 1362 le·

229 1417 308 1475 gum,
323 1416 409 1474 quam
424 1415 510 1473 'saepe
532 1401 729 1472 perrumpunt,
745 1394 796 1451 sed
814 1394 902 1469 ipsius
924 1392 1115 1470 turpitudinis,
1130 1412 1197 1469 quae

197 1486 214 1546 '1
229 1487 408 1544 acerbissima
422 1491 474 1552 est,
489 1502 546 1541 non
561 1484 667 1542 vident.
710 1483 902 1551 Quamobrem
921 1483 977 1540 hoc
995 1482 1110 1559 quidem
1125 1483 1194 1540 deli-

228 1575 386 1632 berantium
409 1591 501 1650 genus
523 1573 647 1649 pellatur
660 1590 676 1628 e
690 1572 784 1630 medio
799 1569 856 1650 (est
876 1571 950 1628 enim
967 1579 1061 1629 totum
1075 1572 1195 1629 scelera-

227 1670 290 1721 tum
311 1668 341 1719 et
361 1660 492 1738 impium)
514 1661 563 1737 qui
584 1661 750 1728 deliberant,
765 1668 862 1719 utrum
884 1660 914 1717 id
935 1669 1099 1737 sequantur,
1115 1659 1195 1737 quod

226 1751 378 1810 honestum
388 1767 450 1806 esse
459 1748 583 1816 videant,
592 1767 629 1805 an
639 1767 670 1806 se
681 1751 801 1808 scientes
815 1750 921 1808 scelere
931 1749 1129 1808 contaminent.
1158 1749 1195 1806 In

226 1840 288 1918 ipsa
302 1839 375 1896 enim
390 1838 566 1895 dubitatione
586 1837 695 1896 facinus
708 1838 791 1906 inest,
806 1839 915 1898 etiamsi
929 1838 966 1896 ad
980 1839 1010 1896 id
1023 1858 1080 1896 non
1094 1857 1194 1915 perve-

195 1937 212 1989 8
226 1928 325 1986 nerint.
367 1927 445 2004 Ergo
459 1945 493 1984 ea
507 1926 691 1985 deliberanda
704 1929 817 1986 omnino
830 1948 886 1986 non
900 1935 974 1996 sunt,
988 1928 1134 2005 inquibus
1149 1934 1194 1986 cst

227 2017 320 2094 turpis
335 2017 397 2093 ipsa
412 2016 585 2076 deliberatio,

194 2115 212 2168 9
266 2108 363 2184 Atque
386 2106 471 2164 etiem
494 2125 529 2164 ex
549 2106 625 2164 omni
645 2106 845 2165 deliberatione
866 2105 975 2164 celandi
989 2112 1018 2164 et
1032 2104 1192 2164 occidte-ndi

227 2215 293 2277 spes
315 2197 464 2274 opinioque
486 2197 657 2253 removenda
679 2203 730 2253 est.
772 2196 849 2253 Satis
871 2196 945 2254 enirn
958 2195 1047 2262 nobis,
1063 2195 1086 2252 si
1105 2196 1191 2253 modo

226 2287 255 2346 in
269 2285 449 2364 philosophia
469 2285 576 2362 aliquid
596 2285 772 2362 profecimus,
789 2303 955 2362 persuasum
975 2303 1038 2342 esse
1058 2283 1152 2351 debet,
1167 2285 1190 2342 si

226 2395 323 2434 omnes
344 2375 412 2432 deos
426 2374 610 2450 hominesque
631 2373 890 2450 celare'possimus,
904 2374 973 2430 nihil
987 2380 1082 2430 tamen
1096 2391 1188 2441 avare,

226 2465 295 2524 nihil
308 2465 421 2542 injuste,
436 2464 505 2520 nihil
518 2463 674 2529 libidinose,
689 2463 758 2519 nihil
776 2463 982 2520 incontinenter
1002 2480 1064 2520 esse
1085 2461 1188 2519 iacien-

227 2553 305 2612 dum.
347 2553 398 2610 IX.
420 2552 493 2608 Hinc
513 2552 561 2608 ille
584 2553 682 2629 Gyges
703 2552 846 2609 inducitur
859 2571 876 2608 a
889 2551 1026 2609 Platone:
1048 2551 1106 2628 qui,
1122 2569 1187 2608 oum

109 2655 114 2662 “
225 2651 301 2701 terra
324 2640 498 2697 discessisset
518 2641 629 2718 magnis
649 2641 818 2717 quibusdam
840 2641 986 2708 imbribus,
1002 2639 1147 2698 descendit
1160 2639 1188 2696 in

177 2740 180 2746 '
225 2731 304 2789 illum
323 2729 440 2794 hiatum,
456 2746 621 2805 aeneumque
635 2747 748 2806 equum,
763 2737 797 2787 ut
816 2729 912 2787 ferunt
932 2729 1047 2796 fabulae,
1063 2727 1186 2786 animad-

224 2817 317 2884 vertit,
333 2817 414 2893 cujus
428 2816 456 2872 in
469 2816 604 2874 lateribus
617 2817 691 2874 iores
706 2825 818 2876 essent:
840 2819 943 2895 quibus
964 2818 1070 2896 apertis
1083 2836 1186 2895 corpus

224 2905 344 2965 hominis
358 2904 462 2962 mortui
475 2903 545 2962 vidit
558 2906 752 2982 magnitudine
765 2907 906 2973 inusitata,
918 2908 1091 2984 anulumque
1106 2925 1185 2964 aure·

224 3017 274 3055 um
288 2997 316 3054 in
330 2995 436 3073 digito:
458 3013 543 3072 quem
563 3001 596 3051 ut
616 2995 746 3062 detraxit,
761 2996 822 3073 ipse
836 2996 928 3054 induit
943 2993 1018 3074 (erat
1032 3002 1129 3052 autem
1142 3013 1185 3053 re·

192 3093 210 3146 2
225 3087 288 3164 gius
303 3083 412 3163 pastor)
427 3093 488 3143 tum
503 3085 531 3142 in
545 3079 693 3142 concilium
707 3103 737 3142 se
752 3093 899 3163 pastorum
913 3084 1027 3162 recepit.
1062 3085 1107 3143 Ibi
1121 3104 1185 3142 cum

225 3175 320 3252 palam
341 3175 403 3250 ejus
424 3175 500 3232 anuli
514 3175 549 3231 ad
565 3174 689 3250 palmam
703 3181 888 3242 converterat,
903 3175 1012 3232 anullo
1026 3174 1182 3243 videbatur,

223 3263 284 3340 ipse
306 3269 401 3319 autem
422 3263 515 3318 omnia
527 3262 651 3322 videbat.
693 3263 775 3322 Idem
795 3283 892 3321 rursus
906 3263 1063 3330 videbatur,
1079 3283 1143 3322 cum
1156 3263 1183 3320 in

191 3353 317 3411 Blocum
339 3351 455 3407 anulum
476 3351 637 3409 inverterat.
678 3353 781 3429 Itaque
802 3351 856 3410 hac
878 3352 1090 3430 opportunitate
1109 3351 1183 3410 anuli

222 3456 300 3507 usus,
318 3440 423 3518 reginae
443 3446 573 3515 stuprum
594 3439 696 3506 intulit,
718 3459 807 3518 eaque
827 3441 965 3519 adjutrice
985 3457 1082 3517 regern
1096 3440 1182 3498 domi-

223 3549 292 3588 num
306 3529 452 3595 interemit,
468 3528 582 3585 sustulit
596 3548 667 3605 quos
681 3530 793 3587 obstare
807 3530 1013 3588 arbitrabatur:
1035 3547 1087 3586 nec
1100 3528 1128 3585 in
1141 3528 1182 3585 his

194 3673 197 3681 ,
223 3637 289 3676 cum
302 3618 471 3676 facinoribus
491 3617 639 3694 quisquam
660 3620 752 3695 potuit
765 3618 871 3677 videre.
912 3618 960 3676 Sic
979 3624 1096 3695 repente
1109 3616 1182 3674 anuli

190 3709 210 3763 4
223 3707 359 3764 beneficio
372 3723 422 3762 rex
435 3713 550 3764 eronus
563 3713 607 3764 est
620 3705 732 3784 Lydiae.
763 3707 848 3764 Hunc
862 3706 947 3784 igitur
959 3706 1054 3783 ipsum
1067 3705 1180 3762 anulum
