2750 4284
500 421 587 461 mann
600 421 631 462 11.
673 421 739 462 oar.
755 423 825 464 xvn.
1134 405 1173 469 18

158 551 294 610 cultatem
308 550 432 608 fructum
446 550 606 608 divitiarum
620 557 712 627 putat.
753 551 825 608 Mihi
838 558 935 609 autem
948 550 996 610 ille
1009 553 1120 612 fructus
1134 563 1152 616 5

157 641 338 707 liberalitatis,
355 641 436 718 cujus
457 659 549 716 pauca
570 640 700 718 exempla
720 641 811 717 posui,
826 641 917 698 multo
931 649 960 698 et
978 643 1070 720 major
1080 645 1120 701 vi·

157 729 241 788 detur
254 737 284 788 et
303 730 412 788 certior.
455 731 569 798 Quanto
583 729 681 786 Aristo
696 730 772 787 (lens
793 730 907 807 gravius
922 739 951 788 et
965 732 1058 789 verius
1072 738 1153 792 noso

157 819 348 897 reprehendit,
362 819 411 895 qui
432 819 484 875 bas
505 818 689 896 pecuniarum
707 819 857 876 effusiones
870 838 927 876 non
941 820 1120 889 admiremur,

157 927 223 986 quae
238 909 309 966 fiunt
327 908 365 965 ad
385 908 597 965 multitudinem
613 907 819 966 deliniendam:
841 916 871 965 at
884 908 911 975 ii,
926 910 974 985 qui
988 911 1025 967 ab
1039 910 1121 968 hoste
1136 910 1153 970 ‘l

158 997 331 1065 obsidentur,
349 998 372 1055 si
394 1017 488 1054 emere
509 1015 592 1073 aquae
612 997 766 1054 sextarium
785 998 862 1054 mina
875 1005 1052 1075 cogerentur,
1067 1000 1122 1058 hoc

157 1087 249 1164 primo
269 1087 371 1144 auditu
389 1086 552 1144 incredibile
570 1086 652 1144 nobis
666 1087 762 1152 videri,
777 1105 932 1163 omnesque
945 1087 1046 1154 mirari,
1062 1088 1122 1156 sed,

157 1195 223 1234 eum
244 1176 424 1243 attenderint,
439 1175 549 1232 veniam
569 1175 729 1232 necessitati
743 1175 828 1242 dare;
848 1176 878 1232 in
896 1175 940 1233 his
954 1177 1122 1236 immanibus
1138 1183 1155 1236 8

155 1266 274 1344 jacturis
288 1265 456 1340 infinitisque
470 1264 631 1340 sumptibus
645 1264 713 1322 nihil
727 1283 778 1321 nos
792 1283 897 1342 magno
911 1284 997 1342 opere
1011 1266 1123 1333 mirari;

158 1374 223 1413 cum
247 1354 407 1431 praesertim
427 1371 519 1429 neque
544 1353 705 1412 necessitati
725 1354 916 1420 subveniatur,
934 1372 986 1411 nec
1001 1355 1123 1432 dignitas

157 1451 307 1520 augeatur,
328 1439 446 1520 ipsaque
470 1443 519 1500 illa
540 1442 691 1500 delectatio
714 1443 901 1500 multitudinis
922 1443 958 1500 eit
977 1444 1015 1500 ad
1038 1445 1124 1502 breve

158 1533 350 1611 exiguumque
370 1539 493 1609 tempus,
509 1551 598 1608 eaque
621 1551 639 1588 a
658 1531 799 1590 levissimo
820 1551 948 1608 quoque:
969 1534 997 1590 in
1011 1553 1068 1611 quo
1081 1541 1124 1590 ta·

157 1641 224 1680 men
244 1621 306 1698 ipso
326 1639 383 1678 una
403 1640 469 1679 cum
489 1622 628 1688 satietate,
644 1621 779 1679 memoria
792 1640 907 1698 quoque
925 1623 1062 1680 moriatur
1075 1643 1123 1680 vo·
1169 1695 1172 1698 Ι

117 1755 126 1770 .
157 1712 284 1790 luptatis.
326 1712 404 1768 Bene
425 1711 509 1768 etiam
530 1711 645 1788 colligit,
664 1711 727 1768 baec
748 1711 842 1788 pueris
861 1720 890 1769 et
908 1713 1080 1770 mulierculis
1094 1719 1156 1772 eti)

159 1803 247 1859 servis
268 1809 297 1858 et
317 1820 463 1860 servorum
484 1800 629 1859 simillimis
650 1801 743 1858 liberis
760 1819 822 1858 esse
840 1808 941 1878 grata;
963 1803 1043 1880 gravi
1056 1821 1124 1860 vero

111 1892 116 1898 '
158 1892 272 1959 homini,
287 1898 317 1948 et
336 1910 379 1959 ea,
399 1910 465 1966 quae
484 1891 564 1957 fiunt,
584 1890 692 1968 judicio
712 1897 790 1947 certo
812 1890 987 1966 ponderanti,
1010 1893 1124 1968 probari

158 1999 242 2058 posse
262 1981 339 2038 nullo
359 1981 453 2038 modu.
497 1981 677 2055 Quamquam
699 1979 835 2056 intelligo,
850 1979 878 2036 in
900 1988 996 2037 nostra
1010 1981 1123 2038 civitate
1140 1985 1177 2040 10

157 2070 327 2128 inveterasse
339 2070 399 2146 jam
413 2069 495 2127 bonis
510 2069 694 2145 temporibus
709 2075 742 2124 ut
756 2068 892 2144 splendor
906 2068 1072 2126 aedilitatum
1087 2072 1124 2127 ab

157 2160 270 2236 optimis
284 2159 349 2215 viris
369 2158 536 2235 postuletur.
580 2159 682 2233 Itaque
699 2164 729 2214 et
744 2157 778 2215 P.
795 2158 924 2242 Qrassus,
940 2145 1005 2215 cuin
1020 2178 1123 2236 cogno·
1140 2166 1174 2217 11

158 2250 232 2306 mine
256 2248 344 2313 dives,
365 2253 429 2304 tum
450 2247 546 2324 copiis,
568 2246 684 2303 functus
705 2253 749 2303 est
773 2246 893 2304 aedilicio
914 2247 1037 2304 maximo
1061 2267 1122 2304 mu-

157 2357 233 2405 nere,
249 2343 278 2393 et
299 2335 385 2412 paulo
406 2342 472 2413 post
492 2336 524 2392 L.
542 2335 662 2392 Crassus
676 2354 741 2391 cum
756 2335 881 2391 omnium
901 2335 1048 2392 bominum
1063 2355 1123 2393 mo-

158 2425 343 2490 deratissimo,
366 2422 399 2492 Q.
422 2425 525 2490 Mucio,
547 2423 824 2501 magnificentissima
848 2425 982 2481 aedilitate
1009 2425 1125 2482 functus

158 2524 221 2574 est:
243 2513 345 2572 deinde
369 2514 402 2571 Ο.
425 2513 571 2579 Claudius,
586 2513 676 2589 Appii
694 2513 785 2569 filius:
815 2513 897 2570 multi
917 2521 991 2590 post,
1007 2513 1127 2581 Luculli,

158 2603 336 2669 Hortensius,
353 2603 473 2660 Silanun.
503 2603 609 2659 Omnes
623 2609 719 2658 autem
733 2602 767 2660 P.
780 2602 926 2669 Lentulus,
938 2621 983 2658 me
999 2604 1122 2670 consule,
1140 2610 1176 2662 12

157 2695 224 2752 vicit
237 2693 406 2770 superiores.
441 2693 527 2749 Hunc
541 2699 585 2749 est
599 2691 724 2749 Scaurus
738 2692 872 2749 imitatus.
907 2690 1124 2770 Magnificentis-

158 2785 229 2842 sima
243 2802 309 2840 vero
323 2781 411 2838 nostri
425 2781 553 2858 Pompeii
568 2801 685 2839 munera
699 2781 824 2838 secundo
839 2782 1003 2838 consulatu:
1024 2783 1052 2839 in
1063 2784 1123 2859 qui-

159 2875 212 2931 bus
223 2872 354 2930 omnibus
364 2871 434 2948 qnid
444 2871 512 2928 mihi
526 2871 647 2949 placeat,
659 2870 745 2928 vides.
781 2871 877 2928 XVII.
894 2871 1019 2928 Vitanda
1030 2880 1126 2929 tamen

158 2962 281 3039 suspicio
295 2970 338 3019 est
353 2961 484 3018 avaritiae.
527 2961 682 3027 Mamerco,
699 2960 806 3018 homini
819 2961 992 3027 diutissimo,
1008 2970 1123 3038 praeter-

159 3052 254 3108 missio
276 3053 416 3109 aedilitatis
438 3050 602 3108 consulatus
623 3051 768 3128 repulsam
788 3051 894 3107 attulit.
936 3051 1031 3118 Quare
1045 3058 1083 3117 et,
1099 3051 1155 3109 si2

160 3141 320 3218 postulatur
335 3159 352 3198 a
365 3140 481 3218 populo,
497 3140 577 3197 bonis
593 3139 657 3196 viris
677 3139 700 3197 si
714 3160 770 3196 non
785 3139 1020 3206 desiderantibus
1038 3147 1068 3196 at
1082 3147 1124 3196 ta-

159 3247 225 3286 men
237 3231 470 3306 approbantibus
480 3228 640 3286 faciendum
652 3236 703 3296 est,
713 3228 799 3286 modo
811 3249 863 3306 pro
874 3229 1065 3296 facultatibus,
1075 3249 1126 3288 nos

159 3318 213 3395 ipsi
233 3325 266 3375 ut
285 3319 421 3386 fecimus;
443 3327 480 3384 et,
496 3317 519 3374 si
533 3319 648 3395 quando
662 3319 755 3394 aliqua
769 3337 813 3375 res
828 3319 919 3396 major
932 3326 1017 3395 atque
1032 3319 1126 3377 utilior

160 3409 290 3486 populari
313 3409 459 3486 largitione
479 3409 633 3484 acquiritur
644 3427 651 3475 ;
679 3416 712 3464 ut
733 3408 826 3465 Oresti
847 3427 939 3486 nuper
959 3409 1077 3484 prandia
1097 3408 1126 3465 in

160 3497 266 3554 semitis
280 3497 408 3554 decumae
421 3497 532 3554 nomine
545 3517 651 3576 magno
666 3498 766 3555 honori
785 3497 908 3555 luerunt.
950 3498 995 3554 Ne
1009 3497 1048 3554 M.
1064 3497 1157 3571 qui-a
1233 3516 1235 3524 ’

161 3585 230 3654 dem
252 3585 317 3643 Seio
337 3587 404 3643 vitio
425 3587 524 3643 datum
544 3594 596 3654 est,
618 3587 697 3662 quod
721 3587 748 3643 in
770 3587 887 3644 caritate
911 3605 974 3642 asse
998 3585 1125 3641 modium

160 3675 268 3752 populo
282 3673 369 3732 dedit.
401 3675 507 3752 Magna
521 3676 594 3732 enim
609 3694 639 3732 se
654 3683 683 3732 et
696 3677 852 3732 inveterata
865 3673 969 3730 invidia
982 3693 1034 3730 nec
1048 3672 1127 3749 turpi

158 3763 279 3841 jactura,
294 3763 408 3841 quando
423 3770 484 3822 erat
500 3764 800 3830 aedilis,necma1ima
815 3762 953 3821 liberavit.
994 3761 1054 3820 Sed
1073 3762 1124 3820 ho·
1140 3767 1158 3820 t

267 3891 285 3924 l
