2648 4288
413 391 505 460 1111111ι
513 392 532 431 1.
575 391 641 432 cnr.
656 393 723 432 xxx.
1042 375 1080 430 39

96 524 144 574 eat.
182 517 291 594 Duplex
311 519 424 577 omnino
443 527 487 578 est
507 521 622 598 jocandi
642 540 750 599 genus:
772 541 860 578 unum
882 520 1025 588 illiberale,
1042 525 1080 578 lc

94 606 204 676 1111111,
218 607 395 685 flagitiosum,
410 611 593 684 obscoenum
609 611 728 667 alterum
743 611 867 687 elegans,
877 611 1026 676 urbanum,
1125 662 1127 673 ‚

93 697 242 772 rgeniosum,
257 697 390 754 facetum.
432 699 496 767 Quo
509 685 612 776 genere
627 718 683 756 non
696 700 782 757 modo
795 700 916 756 Plautus
930 707 1026 756 noster
1041 703 1076 755 11
1120 724 1122 734 ·

92 791 102 838 t
123 785 275 842 Atticorum
299 787 415 862 antique
440 788 588 855 comoedia,
611 787 661 845 sed
683 789 767 846 etiam
789 789 1025 866 philosophorum

91 874 266 930 locraticorum
287 874 350 932 libri
372 876 466 932 referti
487 885 572 942 sunt;
594 877 741 952 multaque
758 877 916 954 ‘multorum
933 877 1025 933 facete

90 961 156 1027 icta;
176 971 207 1018 11
225 981 266 1030 ea,
281 983 346 1041 quae
362 983 379 1020 a
395 983 461 1022 sene
484 966 592 1023 Catone
613 966 732 1023 collecta
752 975 827 1034 sunt,
843 985 908 1043 quae
923 973 1025 1023 vocant
1113 1003 1116 1020 .

90 1053 272 1128 rcpblynaeoe.
314 1053 416 1110 Facilis
434 1054 521 1131 igitur
539 1064 583 1112 est
603 1055 747 1112 distinctio
763 1055 875 1131 ingenui
893 1061 923 1111 et
936 1054 1023 1112 illibc·
1040 1059 1075 1111 12

89 1140 128 1196 ilis
149 1141 209 1217 joci.
269 1141 355 1198 Alter
381 1147 433 1208 eat,
470 1140 493 1197 si
519 1147 647 1220 tempore
682 1141 724 1209 lit,
757 1141 874 1200 remisso
910 1141 1023 1200 homine
1115 1167 1117 1175 ·

88 1229 180 1304 ignus;
200 1229 319 1286 alterne
333 1229 422 1286 libero
435 1229 558 1304 quidem,
573 1231 595 1286 si
610 1247 704 1285 rerum
719 1229 887 1306 turpitudini
907 1230 1023 1287 adbibe-

87 1335 109 1371 rr
120 1318 264 1373 verborum
275 1316 455 1374 obscoenitas.
497 1317 628 1375 Ludendi
642 1319 727 1374 etiarn
737 1326 782 1375 est
792 1318 909 1394 quidam
922 1317 1024 1375 modus
1039 1324 1075 1376 13

86 1405 237 1462 rtinendus:
259 1413 292 1462 ut
316 1424 351 1462 ne
375 1405 455 1462 nimis
479 1406 571 1462 omnia
595 1406 808 1482 profundamus,
834 1406 956 1482 elatique
976 1426 1024 1464 vo-

86 1502 169 1570 rptate
191 1495 218 1551 in
241 1494 365 1570 aliquem
386 1494 590 1570 turpitudinem
612 1495 787 1552 delabamur.
829 1496 1023 1572 Suppeditant
1038 1501 1075 1555 14
1098 1511 1111 1518 ·

85 1593 153 1640 rtem
167 1591 195 1641 et
209 1603 328 1660 campus
346 1592 442 1642 noster
455 1591 485 1641 et
505 1583 600 1642 studia
614 1585 734 1641 venandi
754 1585 873 1642 honeste
893 1585 1024 1663 exempla

84 1673 180 1731 idendi.

94 1851 182 1908 XXX.
206 1851 264 1909 Sed
280 1852 401 1928 pertinet
415 1851 452 1909 ed
467 1871 578 1910 omnem
600 1852 681 1910 officii
702 1853 894 1929 quaestionem,
909 1871 1022 1930 semper

97 1951 231 2017 promptu
244 1941 358 2008 babere,
374 1948 511 2017 quantum
533 1949 633 1998 natura
653 1942 773 1999 hominis
787 1942 944 2018 pecudibus
958 1943 1020 2000 reli·

81 2030 171 2105 risque
183 2030 272 2087 beluis
286 2031 445 2088 antecedat.
481 2030 543 2087 Illae
554 2031 623 2087 nihil
637 2031 761 2087 sentiunt
772 2031 825 2087 nisi
834 2031 1019 2107 voluptatem,
1035 2038 1052 2090 2

80 2119 222 2195 leamqne
242 2119 372 2176 feruntur
393 2119 468 2176 omni
488 2119 614 2196 impetu:
636 2119 755 2175 hominis
775 2127 872 2176 autem
885 2139 965 2176 mens
978 2120 1019 2176 di·

83 2207 158 2264 endo
178 2209 263 2266 alitur
277 2217 306 2265 et
326 2207 486 2286 cogitando,
501 2227 614 2283 semper
633 2207 737 2284 aliquid
759 2214 809 2264 aut
828 2207 950 2282 anquirit
970 2215 1020 2265 aut

80 2297 118 2370 sit,
131 2297 301 2374 videndique
312 2305 341 2354 et
352 2296 484 2353 audiendi
498 2295 684 2353 delectatione
699 2295 820 2353 ducitur.
853 2296 1020 2363 Quinetiam
1034 2303 1051 2354 8

86 2386 149 2461 quis
164 2395 210 2443 est
231 2387 317 2464 paulo
338 2386 375 2442 ad
389 2386 551 2461 voluptates
572 2385 746 2460 propensior,
761 2383 849 2440 modo
868 2401 903 2440 ne
924 2384 961 2440 sit
984 2403 1020 2442 ex

80 2476 194 2532 ecudum
219 2495 322 2554 genere
347 2474 427 2552 (sunt
451 2473 523 2530 enim
544 2473 660 2550 quidam
686 2472 811 2529 homines
832 2491 887 2528 non
907 2491 946 2538 re,
966 2473 1018 2531 sed

80 2564 184 2642 enine)
207 2565 257 2646 sed
278 2564 384 2640 siquis
405 2573 449 2620 est
470 2562 555 2640 paulo
576 2561 702 2628 erectior,
723 2560 851 2636 quemvis
871 2561 1019 2638 voluptate

80 2655 186 2729 piatur,
198 2655 324 2712 occultat
338 2663 367 2710 11
382 2653 540 2709 dissimulat
553 2651 712 2727 appetitum
723 2649 885 2726 voluptatis,
901 2659 1019 2728 propter

83 2744 258 2800 recundiam.
300 2743 342 2799 Ex
362 2761 419 2819 quo
438 2741 611 2819 intelligitur,
627 2740 752 2816 corporis
765 2740 941 2816 voluptatem
962 2745 1050 2798 nont

80 2833 114 2888 tis
138 2851 203 2890 esse
225 2833 341 2910 dignam
362 2831 481 2889 hominis
494 2830 673 2907 praestentia,
688 2847 808 2906 eamque
829 2830 969 2887 contemni
988 2837 1018 2888 et

80 2922 123 2994 jioi
138 2929 289 2998 oportere:
305 2922 347 2978 sin
361 2921 397 2978 sit
410 2921 558 2997 quispiam,
570 2919 618 2995 qui
632 2918 737 2994 aliquid
752 2919 858 2975 tribuat
869 2915 1016 2994 voluptati,

85 3012 200 3087 igenter
214 3010 239 3067 ei
257 3011 409 3068 tenendum
430 3028 492 3066 esse
512 3009 574 3085 ejus
596 3008 724 3065 fruendae
747 3007 873 3064 modum.
915 3009 1048 3083 Itaqueb

80 3110 137 3156 :tus
153 3100 307 3175 cultusque
325 3099 450 3174 corporis
471 3098 507 3154 ed
522 3096 711 3153 valetudinem
731 3096 869 3152 referatur
883 3104 912 3154 et
926 3096 963 3154 ad
978 3097 1016 3154 vi·

80 3211 95 3256 r,
117 3209 177 3246 non
199 3189 237 3245 ed
258 3189 442 3264 voluptatem.
483 3187 581 3262 Atque
600 3185 685 3242 etiem
705 3184 728 3241 si
749 3185 924 3243 considerare
938 3187 1048 3244 volu-6

80 3299 116 3343 11,
133 3297 203 3354 qnae
223 3279 259 3335 sit
279 3278 307 3334 in
327 3287 429 3334 natura
449 3275 569 3332 hominis
594 3273 761 3332 excellentia
780 3286 810 3330 ct
829 3275 961 3351 dignitas,
976 3275 1016 3332 in·

83 3369 220 3444 ligemus,
235 3386 321 3444 quem
341 3367 377 3423 sit
397 3374 481 3442 turpe
501 3364 628 3422 diffluere
649 3363 766 3429 luxuria,
788 3372 817 3420 et
840 3364 959 3422 delicate
983 3383 1017 3422 ac

80 3457 170 3513 ›lliter
185 3458 297 3514 vivere:
319 3473 460 3533 quemque
481 3455 631 3512 honestum
653 3471 746 3528 perce,
768 3453 960 3519 continenter,
972 3471 1015 3508 se·

80 3565 117 3612 re,
134 3547 242 3604 sobrie.
556 3540 561 3558 ’

80 3721 313 3801 Intelligendum
333 3723 418 3780 111111
438 3728 491 3789 est,
506 3721 618 3780 duabus
632 3721 712 3796 quusi
725 3737 777 3776 uos
790 3736 809 3774 a
820 3723 922 3776 nature
934 3717 1015 3778 indu-
1031 3719 1048 3778 7
1116 3740 1121 3748 ’
