2648 4288
432 401 517 440 mnus
531 402 550 439 1.
592 400 658 440 oar.
673 400 757 439 xxm.
1056 389 1093 443 sl

89 528 128 586 Ut
140 528 207 586 enim
220 527 287 587 alios
301 529 438 597 omittam,
453 531 535 588 nobis
555 549 616 588 rem
640 529 785 607 publicam
805 529 1040 607 gubernantibus,
1056 536 1092 590 11

89 637 173 676 nonne
192 625 266 697 togae
290 639 370 678 arma
394 621 564 678 cesserunt?
585 639 678 696 neque
699 619 773 676 enirn
793 619 951 696 periculum
964 619 993 676 in
1011 639 1042 678 ra

89 707 193 784 publica
205 709 256 766 tuit
269 710 384 787 gravius
399 729 532 786 unquam,
547 729 598 766 nec
613 710 706 785 majus
720 709 818 767 otium.
860 709 907 766 Its
921 709 1041 766 consiliis
1057 715 1093 768 12

89 797 276 875 diligentiaque
296 807 394 856 nostra
407 799 535 858 celeriter
550 799 727 856 demonibus
740 798 990 856 audacissimorum
1003 797 1041 856 ci-

89 888 156 944 vium
170 888 283 966 delapsa
304 908 384 946 arma
404 890 466 966 ipsa
486 888 657 948 ceciderunt.
700 889 772 957 Quae
792 907 837 946 res
857 888 944 966 igitur
957 897 1041 966 gesta
1056 894 1093 948 13

89 997 199 1053 unquam
214 979 242 1034 in
256 978 331 1036 bello
346 979 447 1036 tanta?
468 979 517 1055 qui
530 979 692 1056 triumphus
708 978 920 1036 conferendus?
961 979 1042 1037 Licet

89 1067 151 1124 enim
165 1067 238 1136 mihi,
254 1069 350 1126 Marce
365 1068 412 1136 fili,
428 1068 508 1145 apud
521 1077 550 1126 te
564 1068 684 1145 gloriari,
701 1068 738 1125 ad
754 1087 839 1145 quem
855 1077 884 1125 et
897 1068 1041 1125 hereditas

89 1157 163 1234 rujus
185 1157 281 1234 gloriae
303 1165 332 1216 et
355 1158 496 1214 factorum
517 1157 636 1215 imitatio
660 1159 790 1234 pertinet.
833 1157 903 1214 Mihi
925 1157 1040 1234 quidem
1056 1160 1094 1216 14

89 1255 154 1303 :erte
173 1247 214 1303 vir
231 1247 380 1304 abundans
403 1247 510 1304 bellicis
534 1246 666 1304 laudibus
682 1247 734 1303 On.
756 1246 919 1322 Pompeius
940 1247 1037 1304 multis
1103 1311 1108 1320 ,

89 1336 261 1402 rudientibus,
283 1336 338 1392 boc
362 1336 468 1401 tribuit,
489 1342 523 1392 ut
546 1335 660 1401 diceret,
681 1336 788 1392 frustra
812 1354 842 1392 se
863 1335 1041 1412 triumphum

89 1425 190 1481 ortium
201 1425 417 1500 deportaturum
430 1425 525 1491 fuisse,
539 1424 591 1481 nisi
604 1443 667 1481 meo
681 1425 709 1482 in
723 1443 783 1481 rem
799 1425 942 1502 publicam
956 1426 1040 1482 bene·

88 1515 147 1580 icio,
159 1515 207 1572 ubi
220 1515 415 1592 triumpharet,
428 1523 503 1572 esset
517 1514 675 1572 habiturus.
719 1515 794 1572 Sunt
806 1515 894 1592 igitur
907 1515 1039 1572 domesti·
1056 1522 1093 1577 15

89 1623 118 1660 ,ae
138 1602 314 1660 fortitudines
338 1623 393 1660 non
416 1603 559 1661 inferiores
580 1603 765 1662 militaribus:
796 1604 824 1660 in
848 1604 951 1681 quibus
975 1605 1041 1682 plus

89 1694 168 1761 tiam,
184 1711 270 1771 quam
283 1693 311 1750 in
325 1693 376 1760 his,
393 1711 489 1770 operar
502 1691 645 1771 studiique
661 1695 826 1771 ponendum
840 1701 892 1752 est.

112 1873 224 1930 XXIII.
246 1871 368 1930 Omnino
386 1871 456 1930 illud
479 1872 640 1938 honestum,
656 1873 734 1950 quod
755 1892 791 1930 ex
812 1873 906 1930 auimo
929 1874 1041 1932 excelso

89 1963 277 2040 ragnificoque
297 1962 456 2038 quaerimus,
472 1962 557 2018 animi
571 1963 698 2029 efficitur,
713 1983 771 2020 non
785 1963 910 2040 corporis
925 1963 1038 2022 viribus

89 2052 270 2109 {xercendum
290 2059 385 2109 tamen
404 2071 508 2129 corpus
523 2052 605 2109 etita
619 2051 798 2109 afficiendum
812 2059 862 2119 est,
878 2060 912 2110 ut
925 2054 1040 2112 obedire

89 2141 186 2198 cnsilio
199 2141 356 2217 rationique
377 2141 467 2218 possit
487 2141 516 2198 in
536 2141 709 2217 exequendis
723 2141 844 2218 negotiis
858 2149 887 2198 et
901 2143 929 2198 in
942 2143 1040 2200 labore

89 2231 226 2288 olerando.
263 2231 422 2288 Honestum
436 2238 533 2287 autem
547 2230 585 2297 id,
600 2230 679 2306 quod
693 2229 875 2306 exquirimus,
887 2237 982 2288 totum
996 2237 1040 2289 est
1054 2237 1072 2290 2

91 2322 196 2378 ositum
217 2321 246 2377 in
265 2321 350 2376 animi
370 2338 439 2377 cura
461 2327 490 2376 et
511 2320 698 2396 cogitatione:
720 2320 749 2376 in
763 2338 820 2395 quo
834 2338 890 2376 non
904 2320 1041 2379 minorem

89 2411 222 2468 tilitatem
245 2410 375 2476 afferunt,
397 2410 445 2485 qui
469 2410 561 2486 togati
585 2409 626 2465 rei
650 2409 773 2485 publioae
797 2417 932 2486 prosunt,
954 2429 1041 2487 quam

89 2501 117 2556 ui
139 2500 248 2557 bellum
272 2505 384 2577 gerunt.
426 2500 529 2574 Itaque
554 2517 651 2555 eorum
675 2499 790 2557 consilio
812 2517 888 2575 saepe
913 2507 964 2556 aut
982 2507 1072 2560 non3

89 2597 214 2666 rscepta,
229 2595 281 2646 aut
295 2587 425 2646 confecta
439 2588 515 2645 bella
528 2594 603 2654 sunt,
619 2607 820 2665 nonnunquam
836 2588 921 2646 etiam
942 2589 1037 2647 illata:

89 2687 98 2734 t
113 2679 153 2736 M.
171 2679 289 2736 Catonis
304 2679 410 2736 bellum
425 2677 540 2734 tertium
555 2678 705 2746 Punicum,
720 2679 748 2735 in
762 2697 820 2756 quo
834 2679 921 2736 etiam
936 2679 1039 2737 mortui

89 2769 156 2825 rluit
170 2767 333 2826 auctoritas.
376 2769 470 2837 Quare
482 2768 641 2844 expetenda
652 2769 767 2844 quidem
782 2769 872 2847 magis
884 2777 928 2826 est
942 2769 1038 2827 decer·
1053 2773 1072 2827 4

89 2858 152 2914 endi
167 2858 250 2923 ratio,
263 2877 349 2934 quam
365 2857 529 2915 decertandi
541 2857 694 2914 fortitudo:
716 2856 767 2915 sed
782 2859 949 2926 cavendum,
961 2879 996 2918 ne
1010 2859 1039 2917 id

89 2947 193 3004 ellandi
204 2948 298 3024 magis
311 2947 390 3024 fuga,
403 2966 489 3024 quam
501 2948 629 3004 utilitatis
640 2948 747 3005 ratione
759 2949 905 3006 faciamus.
927 2949 1040 3006 Bellum

89 3045 164 3094 rtem
189 3037 231 3094 ita
255 3035 432 3113 suscipiatur,
454 3050 487 3094 ut
510 3037 579 3094 nihil
604 3037 682 3093 aliud
706 3038 759 3094 nisi
783 3057 840 3114 pax
860 3038 980 3114 quaesita
999 3038 1039 3095 vi·

89 3134 179 3183 satur.
224 3127 318 3184 Fortis
333 3146 400 3183 vero
415 3133 445 3184 ct
459 3127 614 3184 constantis
635 3133 687 3193 est,
702 3145 760 3182 non
781 3128 941 3204 perturbari
955 3128 983 3184 in
996 3147 1038 3186 re·
1054 3136 1072 3188 5

89 3237 118 3272 rs
139 3216 262 3294 asperis,
278 3235 329 3273 nec
344 3217 566 3274 tumultuantem
588 3216 625 3273 de
645 3215 738 3293 gradu
750 3215 851 3294 dejici,
867 3224 900 3274 ut
920 3217 1022 3276 dicitur
1031 3237 1039 3286 ;

89 3306 113 3362 d
137 3306 277 3383 praesenti
296 3307 392 3363 animo
405 3306 448 3362 uti
461 3313 491 3363 et
506 3305 629 3373 consilio,
645 3325 697 3364 nec
718 3325 735 3363 a
755 3307 863 3364 ratione
884 3307 1038 3366 discedere.

89 3415 251 3473 uamquam
270 3398 326 3453 hoc
346 3397 438 3463 a'nimi,
459 3395 530 3454 illud
551 3397 636 3454 etiam
656 3397 760 3474 ingenii
783 3398 878 3476 magni
900 3405 951 3464 est,
967 3402 1072 3474 prm-6

89 3505 158 3564 pere
174 3486 348 3564 cogitatione
362 3486 467 3553 futura,
483 3493 512 3543 at
526 3487 670 3564 aliquanto
691 3495 757 3544 ante
773 3489 953 3551 constituere,
971 3483 1039 3560 quid
1074 3543 1081 3562 ,

89 3577 195 3633 :cidere
218 3577 309 3654 possit
330 3577 358 3633 in
378 3583 529 3652 utramque
554 3584 673 3654 partem,
687 3582 717 3633 et
737 3577 805 3652 quid
829 3575 972 3652 agendum
992 3572 1038 3640 sit,

89 3687 125 3723 rm
142 3666 217 3743 quid
233 3666 373 3734 evenerit;
395 3685 447 3724 nec
462 3666 646 3732 committere,
662 3673 695 3724 ut
715 3664 866 3741 aliquando
886 3661 1039 3720 dicendum

89 3775 170 3813 arrorc
186 3764 336 3831 putaram.
379 3757 452 3814 Haec
466 3763 533 3815 sunt
553 3774 642 3834 opera
662 3754 758 3832 magui
771 3751 857 3810 animi
877 3758 907 3810 et
925 3750 1038 3821 excelsi,
