2648 4288
150 339 188 394 62
570 351 608 390 nn
623 351 750 390 orrrorre

202 481 291 538 mines
313 479 467 558 plurimum
489 479 650 538 hominibus
668 487 698 538 st
719 479 827 556 prosint
842 484 873 536 et
885 475 996 536 obsint:
1018 476 1177 554 proprium

202 571 257 628 hoc
271 578 366 628 statuo
379 589 441 628 esse
455 570 560 628 virtu
569 569 620 626 tis
639 569 786 628 conciliare
804 568 913 626 animos
926 566 1072 624 hominum
1086 573 1117 623 et
1132 564 1176 622 ad

170 665 271 716 tusus
291 651 358 718 suos
375 659 543 736 adjungere.
588 660 698 734 Itaque,
713 676 779 733 quae
794 657 822 714 in
840 657 925 714 rebus
939 655 1073 720 inanimis,
1089 673 1174 730 quae-

202 767 258 824 que
272 748 301 806 in
314 755 409 806 usust
421 747 589 806 tractatione
603 747 751 804 beluarum
765 747 837 804 fiunt
849 745 955 802 utiliter
968 744 1007 802 ad
1020 743 1174 802 hominum

203 838 300 904 utam,
315 838 423 896 artibus
444 856 478 894 aa
496 837 660 895 tribuuntur
673 835 815 912 operosis;
835 835 983 894 hominum
996 840 1093 890 autem
1107 838 1172 889 stu-

202 927 249 986 dia
262 927 300 984 ad
314 926 559 1005 amplificationem
575 932 735 982 nostrarum
753 944 849 982 rerum
863 930 996 1002 prompta
1009 941 1042 980 ac
1057 929 1170 997 parata,

171 1016 188 1075 '1
204 1017 326 1076 virorum
339 1016 535 1093 presentium
549 1015 686 1092 sapientia
699 1022 729 1072 et
742 1015 845 1072 virtute
858 1014 1024 1072 excitantur.
1052 1011 1171 1069 Etenim

202 1107 291 1164 virtus
313 1105 404 1164 omnis
425 1105 516 1164 tribus
537 1105 565 1162 in
585 1105 670 1162 rebus
689 1104 748 1162 lere
762 1105 896 1162 vertitur:
917 1115 1038 1179 quarum
1052 1120 1109 1158 una
1122 1107 1171 1158 est

201 1196 231 1254 in
252 1195 455 1274 perspiciendo,
470 1194 539 1271 quid
560 1193 589 1251 in
601 1213 714 1270 quaque
735 1211 765 1250 re
787 1212 886 1252 verum
905 1193 1099 1268 sincerumque
1120 1190 1169 1258 sit,

202 1286 270 1363 quid
284 1294 503 1344 consentaneum
517 1284 626 1360 cuique,
641 1282 709 1360 quid
723 1301 906 1359 consequens,
921 1300 957 1340 ex
970 1299 1027 1357 quo
1041 1279 1168 1356 quidque

171 1382 188 1433 8
202 1377 345 1454 gignatur,
360 1395 425 1453 quae
441 1375 578 1451 cujusque
591 1373 631 1430 rei
645 1391 730 1430 causa
744 1372 796 1440 sit;
817 1373 947 1438 alterum,
959 1371 1091 1430 cohibere
1101 1389 1166 1427 mo-

204 1473 249 1522 tus
270 1465 353 1522 ammi
372 1465 510 1530 turbatos,
531 1482 602 1539 quos
625 1462 721 1520 Graeci
740 1461 816 1529 πάθη
838 1461 990 1528 nominant,
1015 1459 1166 1536 appetitio·

203 1572 318 1630 aesque,
337 1571 407 1629 quas
425 1552 464 1610 illi
484 1552 574 1629 agua,
588 1551 752 1609 obedientes
772 1552 882 1609 efficere
902 1549 1019 1617 rationi;
1040 1549 1166 1617 tertium,

202 1642 243 1708 iis,
258 1643 428 1718 quibuscum
448 1659 662 1718 congregamur,
677 1642 719 1698 uti
739 1641 883 1698 moderate
904 1647 934 1697 et
953 1639 1080 1706 scienter,
1095 1657 1167 1716 quo·

202 1751 266 1788 rum
288 1731 388 1788 studiis
410 1748 452 1796 ea,
471 1748 535 1806 que
554 1737 655 1788 natura
671 1730 821 1797 desiderat,
837 1730 951 1806 expleta
964 1729 1167 1805 cumulataque

203 1821 368 1886 habeamus,
384 1837 435 1896 per
454 1818 635 1896 eosdemque,
651 1819 674 1877 si
691 1820 759 1897 quid
779 1820 949 1896 importetur
965 1818 1045 1876 nobis
1059 1817 1166 1876 incom-

202 1909 288 1976 modi,
304 1909 510 1986 propulsemus,
525 1909 748 1985 ulciscamurque
763 1928 820 1978 eos,
835 1909 884 1986 qui
903 1927 1005 1965 nocere
1022 1908 1103 1966 nobis
1116 1927 1167 1966 co·

202 1999 261 2056 nati
281 2005 355 2065 sunt,
377 2006 511 2075 tantaque
533 2017 619 2075 poena
639 1999 800 2066 afficiamus,
815 2006 952 2076 quantam
971 1998 1090 2075 equitas
1109 1999 1165 2056 hu-

202 2088 379 2165 manitasque
393 2088 507 2167 patitur.

242 2269 295 2326 VI.
311 2268 419 2338 Quibus
430 2275 526 2326 autem
540 2267 694 2326 rationibus
708 2267 781 2324 bano
794 2266 960 2325 facultatem
973 2267 1085 2344 assequi
1098 2285 1164 2344 pos·

203 2359 298 2425 simus,
310 2366 342 2415 ut
356 2359 502 2416 hominum
516 2358 610 2416 studia
621 2358 844 2434 complectamur
854 2375 943 2433 eaque
957 2363 1112 2424 teneamus,
1122 2356 1164 2415 di-

173 2473 175 2478 ·
203 2467 308 2515 cemus,
323 2467 414 2524 neque
428 2448 467 2504 ita
480 2448 571 2506 multo
585 2454 665 2523 post:
688 2445 738 2504 sed
760 2465 851 2522 pauca
872 2453 936 2502 ante
955 2445 1074 2504 dicenda
1088 2453 1162 2505 sunt.

171 2543 188 2595 2
203 2538 337 2616 Magnam
350 2538 406 2594 vim
420 2555 482 2593 asse
496 2537 524 2594 in
544 2536 706 2594 fortuna
723 2535 751 2591 in
764 2522 913 2612 utramque
928 2543 1046 2612 partem,
1060 2535 1106 2592 vel
1119 2555 1162 2592 se·

171 2633 187 2684 3
204 2627 310 2685 cundas
321 2626 357 2682 ad
371 2645 425 2691 ree,
437 2624 482 2681 val
495 2624 637 2690 adversas,
648 2624 711 2700 quis
726 2624 858 2701 ignorat?
887 2625 963 2680 Nam
976 2631 1005 2681 et
1020 2643 1084 2681 cum
1098 2643 1162 2702 pro·

203 2734 286 2791 spero
308 2715 377 2771 flatu
399 2715 461 2790 ejus
482 2714 594 2779 utimur,
610 2712 648 2768 ad
668 2712 760 2770 exitus
781 2713 962 2790 pervehimur
981 2721 1112 2790 optatos;
1133 2721 1163 2772 et

170 2809 189 2862 4
204 2822 269 2861 cum
283 2803 401 2868 reflavit,
413 2802 570 2878 affligimur.
607 2801 677 2859 Haec
691 2802 778 2879 igitur
792 2802 854 2878 ipsa
867 2802 980 2860 fortuna
995 2810 1103 2860 ceteros
1117 2823 1162 2860 ca·

203 2911 252 2949 sus
270 2891 387 2948 rariores
409 2891 503 2956 habet,
519 2891 641 2967 primum
656 2892 692 2949 ab
706 2891 833 2948 inanimis
846 2893 993 2968 procellas,
1009 2899 1161 2969 tempesta·

204 2988 255 3047 tes,
270 2980 424 3059 naufragia,
439 2980 541 3047 ruinas,
557 2980 702 3038 incendia:
725 2979 827 3038 deinde
847 2999 865 3036 a
883 2981 978 3038 bestiis
992 2981 1073 3048 ictus,
1088 3001 1161 3039 mor-

171 3079 260 3136 esus,
275 3071 406 3146 impetus.
449 3070 522 3127 Haec
537 3077 659 3148 argunt
673 3069 737 3135 dixi,
752 3069 864 3126 rariora.
899 3070 942 3126 At
955 3089 1021 3127 vero
1034 3071 1162 3130 interitus

203 3161 385 3227 exercituum,
397 3167 430 3217 ut
443 3161 569 3238 proxime
583 3161 678 3226 trium,
694 3179 772 3237 saepe
786 3160 949 3227 multorum,
965 3160 1060 3218 clades
1074 3161 1161 3238 impe·

202 3256 336 3315 ratorum,
359 3256 392 3306 ut
414 3268 504 3325 nuper
528 3249 630 3306 summi
651 3257 680 3306 et
701 3249 849 3326 singularis
871 3249 929 3315 viri,
954 3249 1064 3306 invidiae
1088 3269 1161 3326 prae-

202 3345 280 3396 terea
291 3338 484 3404 multitudinis,
495 3344 581 3414 atque
591 3337 628 3394 ob
642 3355 690 3394 eas
704 3339 775 3395 bene
790 3337 953 3395 meritorum
968 3357 1046 3415 saepe
1061 3339 1162 3396 civium

202 3427 388 3505 expulsiones,
403 3426 584 3492 calamitates,
599 3426 696 3503 fugae;
717 3418 870 3502 rursusque
892 3427 1025 3484 secundae
1043 3447 1096 3495 res,
1111 3428 1161 3484 ho·

202 3535 293 3582 nores,
307 3515 432 3594 imperia,
446 3514 577 3580 victoriae,
590 3533 762 3592 quamquam
775 3515 893 3572 fortuita
906 3522 980 3582 sunt,
996 3523 1090 3574 tamen
1104 3516 1162 3574 sine

108 3647 111 3656 ,
202 3607 348 3666 hominum
369 3606 471 3684 opibus
495 3611 525 3662 et
545 3604 645 3663 studiis
669 3613 799 3664 neutram
820 3605 849 3662 in
872 3612 985 3682 partem
1004 3605 1076 3663 affici
1098 3624 1160 3684 pos-

202 3702 277 3754 sunt.
