2750 4284
555 397 640 437 trans
655 395 697 436 111.
739 397 805 436 oar.
824 397 871 437 xx.
1164 384 1219 437 100

206 547 332 606 unquam
351 525 529 584 consulatum
542 525 685 582 videretur
695 544 702 590 ;
724 526 757 592 Q.
777 525 933 591 Metellum,
951 524 1033 602 cujus
1053 525 1166 602 legatus

207 625 276 683 erat,
292 615 538 674 summumvirum
559 624 588 671 et
608 614 706 678 civem,
722 633 787 670 cum
801 615 838 669 ab
852 632 895 679 eo,
915 614 1084 689 imperatore
1104 633 1166 681 suo,

207 705 329 763 Romam
349 704 451 760 missus
472 709 555 769 esset,
571 701 649 778 apud
670 701 808 777 populum
829 702 988 759 Romanum
1006 703 1167 760 criminatus

207 801 260 861 est,
281 794 388 850 bellum
409 791 488 848 illum
509 789 631 847 ducere:
660 790 683 845 si
707 808 737 846 se
763 791 906 846 consulem
926 791 1066 858 fecissent,
1089 791 1167 850 brevi

206 889 345 959 tempore,
359 885 409 937 eut
422 879 527 944 vivum,
542 885 593 935 eut
610 885 753 936 mortuum
767 879 786 936 J
787 880 941 955 ugurtbem
955 898 986 936 se
1000 881 1028 936 in
1042 888 1167 956 potesta·

207 977 265 1028 tem
280 969 378 1046 populi
397 967 517 1024 Romani
530 966 672 1024 daturum.
714 967 817 1042 Itaque
830 968 922 1023 factus
936 975 980 1024 est
993 967 1040 1024 ille
1053 968 1167 1044 quidem
1182 974 1199 1025 2

208 1059 314 1124 consul,
330 1057 380 1114 sed
395 1075 412 1113 a
425 1056 481 1112 fide
498 1055 662 1131 justitiaque
677 1054 811 1120 discessit,
827 1056 875 1130 qui
896 1057 1034 1132 optimum
1054 1065 1083 1114 et
1102 1075 1167 1134 gra·

207 1149 352 1205 vissimum
373 1146 471 1212 civem,
486 1145 568 1220 cujus
588 1144 709 1220 legatus,
723 1151 752 1200 et
771 1163 788 1198 a
801 1163 858 1218 quo
872 1145 973 1200 missus
987 1152 1070 1210 esset,
1085 1146 1113 1201 in
1127 1146 1166 1200 in-

208 1237 312 1293 vidiam
325 1235 397 1292 falso
411 1233 523 1290 crimine
536 1232 694 1289 adduxerit.
729 1233 774 1288 Ne
788 1241 883 1290 noster
897 1233 1011 1309 quidem
1026 1233 1166 1289 Gratidia-
1181 1239 1199 1290 8

207 1345 261 1381 nus
275 1324 365 1380 officio
379 1323 445 1380 boni
458 1322 507 1378 viri
520 1321 635 1378 functus
650 1327 694 1376 est
713 1328 783 1386 tum,
800 1341 865 1377 cum
886 1328 993 1396 praetor
1012 1329 1095 1387 esset,
1110 1323 1167 1378 col-

209 1413 371 1490 legiumque
385 1418 539 1487 praetorum
553 1409 656 1466 tribuni
673 1408 749 1484 plebi
763 1409 965 1476 adhibuissent,
981 1417 1013 1465 ut
1027 1427 1072 1465 res
1086 1429 1166 1466 num-

209 1501 296 1557 maria
310 1500 346 1556 de
360 1499 500 1556 communi
513 1498 651 1554 sententia
662 1498 888 1556 constitueretur.
916 1499 1086 1556 ,lactabatur
1095 1499 1168 1555 enim
1199 1573 1201 1576 Ι

208 1590 383 1666 temporibus
407 1587 460 1644 illis
484 1606 614 1644 nummus
639 1588 686 1654 sic,
711 1595 744 1644 ut
771 1607 853 1644 nemo
877 1595 974 1664 posset
997 1589 1075 1654 scire,
1100 1588 1168 1664 quid

209 1673 335 1736 haberet.
365 1676 598 1752 Conscripserunt
612 1678 796 1734 communiter
810 1678 934 1734 edictum
949 1697 1013 1735 oum
1027 1696 1113 1754 poena
1126 1684 1167 1733 at·
1182 1681 1201 1733 4

208 1786 263 1843 que
274 1766 397 1843 judicio;
419 1765 689 1842 constitueruntque,
702 1774 734 1822 ut
749 1786 845 1823 omnes
859 1767 942 1826 simul
956 1766 984 1823 in
998 1776 1089 1823 rostra
1103 1772 1169 1842 post

208 1855 351 1912 meridiem
365 1855 556 1912 escenderent.
591 1855 629 1910 Et
643 1855 728 1912 ceteri
737 1855 850 1931 quidem
865 1856 936 1912 alius
950 1855 1019 1912 alio:
1035 1856 1140 1912 Marius
1151 1862 1200 1914 a5

208 1943 345 2000 subselliis
365 1943 393 1999 in
413 1951 504 1999 rostra
524 1950 610 2008 recta,
627 1943 720 2018 idque,
736 1944 813 2019 quod
829 1944 1015 2000 communiter
1029 1933 1166 2021 'composi-

208 2039 269 2088 tum
292 2032 392 2097 iuerat,
414 2031 491 2088 solus
515 2031 609 2087 edixit.
651 2031 689 2086 Et
713 2050 747 2088 ea
767 2051 820 2097 res,
842 2032 865 2087 si
885 2033 997 2106 quaeris,
1019 2033 1044 2089 ei
1064 2051 1168 2108 magno

207 2119 306 2176 honori
318 2120 380 2176 fuit.
415 2119 553 2174 Omnibus
567 2119 634 2174 vicis
648 2125 770 2175 statuae:
793 2119 829 2174 ad
844 2138 892 2175 eas
905 2127 960 2185 tus,
976 2121 1057 2177 cerei.
1092 2120 1167 2187 Quid

207 2209 321 2264 multa?
364 2208 457 2264 Nemo
471 2226 595 2282 unquam
611 2206 780 2263 multitudini
796 2207 849 2263 fuit
863 2207 960 2264 carior.
1002 2209 1076 2264 Haec
1090 2213 1199 2273 sunt,6

207 2316 272 2372 quae
298 2298 467 2353 conturbant
490 2295 518 2350 in
539 2295 738 2352 deliberatione
762 2315 972 2372 nonnunquam,
994 2316 1060 2353 cum
1079 2297 1118 2362 id,
1140 2291 1169 2352 Ε

208 2403 265 2460 quo
284 2383 404 2440 violatur
425 2382 552 2458 aequitas
574 2383 688 2439 nonita
709 2402 851 2461 magnum,
873 2383 942 2440 illud
962 2393 1068 2451 autem,
1090 2384 1167 2460 quod

208 2491 244 2530 ex
267 2491 301 2529 eo
325 2471 441 2547 paritur,
466 2490 653 2548 permagnum
676 2472 804 2529 videtur:
834 2480 868 2529 ut
891 2473 989 2540 Mario,
1016 2474 1169 2549 praeripere

209 2561 324 2636 collegis
346 2567 375 2618 et
395 2559 513 2616 tribunis
535 2559 573 2635 pl.
597 2559 763 2635 popularem
785 2561 913 2637 gratiam,
929 2581 984 2618 non
1005 2562 1046 2618 ita
1067 2568 1167 2636 turpe;

208 2649 352 2706 consulem
366 2649 403 2706 ob
417 2666 480 2704 eam
493 2667 553 2704 rem
567 2648 634 2714 fieri,
646 2649 722 2724 quod
737 2649 790 2705 sibi
804 2657 865 2706 tum
880 2658 1073 2727 proposuerat,
1084 2650 1168 2706 valde

208 2738 277 2796 utile
287 2737 444 2793 videbatur.
473 2736 531 2793 Sed
546 2737 670 2793 omnium
680 2755 736 2792 una
750 2737 849 2814 regula
859 2746 911 2805 est,
923 2758 1008 2814 quem
1021 2739 1072 2795 tibi
1085 2739 1169 2814 cupio
1184 2737 1200 2796 Ἰ

209 2844 270 2884 esse
285 2825 477 2883 notissimam:
499 2834 550 2881 aut
563 2825 641 2890 illud,
657 2825 733 2899 quod
747 2826 815 2882 utile
828 2827 947 2892 videtur,
963 2835 1046 2903 turpe
1064 2846 1100 2883 ne
1116 2826 1168 2894 sit;

209 2924 267 2980 aut,
283 2915 306 2971 si
326 2922 410 2990 turpe
430 2920 482 2980 est,
497 2932 532 2970 ne
546 2913 678 2970 videatur
691 2932 753 2970 esse
766 2915 843 2971 utile.
885 2915 959 2982 Quid
973 2915 1082 2992 igitur?
1103 2935 1167 2991 pos·
1183 2921 1200 2972 8

208 3021 342 3060 sumusne
356 3009 406 3058 eut
419 3002 498 3060 illum
513 3002 633 3059 Marium
647 3002 737 3058 virum
747 3003 853 3058 bonum
864 3002 1000 3078 judicare,
1010 3011 1060 3059 aut
1069 3003 1168 3058 hunc‘l

209 3091 327 3166 Explica
339 3097 425 3165 atque
440 3097 542 3146 excute
555 3090 768 3167 intelligentiam
786 3097 873 3155 tuam,
889 3096 922 3146 ut
935 3090 1038 3156 videas,
1053 3110 1118 3166 quae
1134 3090 1170 3146 sit

209 3179 237 3234 iu
251 3197 285 3234 ea
298 3178 416 3254 species,
431 3178 522 3234 forma
536 3184 565 3234 et
578 3178 655 3234 notio
668 3177 719 3233 viri
732 3177 805 3234 boni.
847 3177 931 3235 (ladit
951 3197 1019 3256 ergo
1038 3179 1066 3235 iu
1079 3179 1169 3235 virum
1183 3183 1201 3235 9

210 3267 315 3324 bonum
335 3265 445 3322 mentiri
465 3265 647 3322 emolumenti
667 3265 710 3322 sui
731 3283 825 3332 cause,
841 3266 986 3332 criminari,
1003 3267 1166 3343 praeripere,

210 3354 330 3410 fallere?
370 3353 449 3409 Nihil
463 3354 590 3430 profecto
604 3353 704 3410 minus.
745 3353 798 3411 Est
812 3373 880 3430 ergo
894 3355 1010 3411 uliares
1024 3354 1104 3419 tanti,
1119 3360 1168 3410 aut
1184 3359 1221 3411 10

210 3440 391 3499 commodum
404 3440 494 3497 ullum
507 3447 566 3497 tam
579 3439 780 3517 expetendum,
794 3449 828 3498 ut
841 3441 892 3498 viri
911 3442 977 3500 boni
990 3449 1019 3498 et
1037 3439 1168 3517 splendo-

210 3547 270 3586 rem
283 3536 312 3586 et
324 3547 427 3585 nomen
440 3528 576 3585 amittas?
617 3529 692 3596 Quid
706 3536 758 3596 est,
773 3529 850 3605 quod
870 3529 969 3586 afferro
988 3534 1101 3584 tantum
1115 3527 1168 3583 uti-
1183 3532 1219 3586 11

209 3617 275 3675 litas
296 3617 359 3683 ista,
378 3635 443 3692 quae
461 3615 572 3682 dicitur,
594 3615 691 3692 possit,
707 3623 844 3692 quantum
863 3617 982 3681 arderre,
997 3615 1020 3670 si
1040 3613 1106 3671 boni
1119 3613 1170 3670 viri

210 3722 314 3766 nomen
327 3703 468 3782 eripuerit,
482 3703 569 3762 fidem
582 3703 777 3782 justitiamque
791 3702 965 3760 detraxerit?
1006 3700 1083 3772 Quid
1095 3701 1171 3760 enim
1185 3705 1222 3760 la

699 3797 736 3848 10
