2750 4284
520 382 605 422 mana
617 381 660 422 111.
702 382 768 422 cnr.
783 381 846 422 vm.
1154 365 1193 422 95

173 509 305 568 tudinem
324 509 510 588 fugiendum
530 511 599 588 quid
620 513 664 578 sit,
680 512 756 588 quod
777 511 880 568 idcirco
900 507 1067 586 fugiendum
1085 527 1142 565 non

173 600 221 667 sit,
231 600 308 676 quod
322 601 435 657 omnino
444 607 528 676 turpe
541 619 597 657 non
612 609 663 658 est.
695 601 756 658 Sed
764 600 897 676 quoniam
908 599 986 674 operi
997 597 1139 665 inchoato,
1155 604 1175 655 3

172 707 266 766 prope
274 697 369 746 tamen
377 690 516 756 absoluto,
525 697 671 766 tamquam
680 690 823 768 fastigium
833 689 1019 765 imponimus:
1032 694 1064 744 ut
1072 705 1140 764 geo-

172 785 275 835 metrae
294 779 385 836 solent
406 799 462 836 non
482 779 576 836 omnia
596 780 707 850 docere,
722 779 773 836 sed
794 779 946 856 postulare,
960 785 993 834 ut
1007 777 1141 853 quaedam

173 867 228 924 sibi
242 869 438 934 concedantur,
451 869 638 944 quotacilius,
653 887 719 944 quae
732 869 840 934 volunt,
855 868 1010 944 explicent:
1027 867 1066 924 sic
1082 885 1139 944 ego

173 973 193 1012 a
206 963 235 1014 te
249 958 369 1032 postulo
379 957 418 1014 mi
434 958 541 1024 Cicero,
553 964 586 1014 ut
599 958 668 1014 mihi
681 957 829 1024 concedas,
841 957 864 1013 si
877 963 969 1032 potes,
981 957 1056 1024 nihil,
1066 975 1139 1033 prae·

172 1051 218 1102 ter
231 1045 269 1113 id,
284 1046 361 1122 quod
375 1046 529 1104 honestum
543 1047 587 1112 sit,
604 1053 721 1124 propter
734 1063 764 1102 se
778 1064 840 1102 esse
853 1045 1053 1121 expetendum.
1089 1045 1140 1104 sin
1153 1049 1172 1102 4

172 1134 228 1191 hoc
250 1155 306 1192 non
328 1136 395 1192 licet
416 1153 468 1212 per
481 1135 660 1211 Cratippum,
675 1142 705 1192 at
719 1135 789 1191 illud
803 1141 880 1191 certe
894 1133 982 1200 dabis,
998 1134 1076 1211 quod
1089 1135 1139 1191 ho-

172 1231 287 1280 nestum
309 1224 353 1290 sit,
367 1223 397 1280 id
411 1241 474 1280 esse
493 1225 615 1280 maxime
637 1232 754 1300 propter
775 1242 806 1280 se
828 1223 1028 1298 expetendum.
1070 1222 1141 1280 Mihi

171 1313 314 1369 utrumvis
327 1313 395 1368 satis
409 1319 468 1368 est:
484 1319 512 1370 et
526 1320 588 1369 tum
601 1313 664 1377 hoc,
673 1319 735 1368 tum
749 1311 819 1368 illud
833 1311 1005 1387 probabilius
1018 1311 1139 1378 videtur,

172 1419 226 1457 nec
248 1409 385 1477 praeterea
407 1401 557 1476 quicquam
578 1401 733 1478 probabile.
774 1401 819 1457 Ac
835 1400 961 1476 primum
975 1400 1002 1456 in
1016 1400 1071 1457 hoc
1085 1401 1139 1456 Pa·
1154 1406 1172 1458 5

172 1490 275 1546 naetius
297 1488 492 1546 defendendus
514 1497 566 1556 est,
581 1489 659 1565 quod
678 1509 733 1546 non
753 1489 831 1547 utilia
854 1508 919 1545 cum
941 1489 1064 1546 honestis
1087 1508 1139 1565 pu·

173 1597 262 1656 gnare
276 1578 427 1654 aliquando
442 1597 525 1655 posse
540 1579 639 1636 dixerit
651 1578 754 1656 (neque
766 1578 839 1635 enim
850 1577 876 1634 ei
888 1577 932 1634 fas
946 1576 1019 1655 eret)
1031 1577 1081 1634 sed
1095 1595 1138 1644 ea,

173 1685 239 1744 quae
254 1668 417 1724 viderentur
429 1669 515 1725 utilia.
557 1668 635 1725 Nihil
649 1687 717 1725 vero
732 1669 808 1734 utile,
824 1667 901 1744 quod
922 1686 978 1724 non
998 1668 1072 1724 idem
1087 1667 1138 1724 ho·
1154 1672 1172 1725 6

173 1763 304 1814 nestum:
326 1757 394 1814 nihil
414 1759 573 1825 honestum,
589 1758 665 1834 quod
686 1777 742 1814 non
761 1757 837 1816 idem
858 1757 925 1814 utile
947 1757 990 1822 sit,
1007 1775 1083 1833 saepe
1097 1764 1138 1814 te-

174 1852 283 1903 statur:
305 1854 448 1924 negatque
461 1847 549 1903 ullam
565 1855 674 1924 pestem
693 1847 830 1923 majorem
844 1846 872 1902 in
886 1847 972 1905 vitam
994 1846 1140 1903 hominum

173 1933 315 2000 invasisse,
330 1953 415 2012 quam
430 1953 528 1993 eorum
543 1937 710 2011 opinionem,
722 1935 770 2012 qui
783 1936 837 1992 ista
851 1935 1038 1993 distraxerint.
1080 1935 1138 1991 Ita·
1154 1933 1171 1994 'I

174 2043 230 2101 que
250 2043 306 2082 non
327 2031 359 2082 ut
379 2024 531 2101 aliquando
545 2033 781 2101 anteponeremus
795 2024 875 2080 utilia
894 2024 1026 2091 honestis,
1042 2023 1092 2080 sed
1106 2029 1139 2080 ut

175 2131 209 2170 ea
230 2111 289 2169 sine
312 2131 407 2170 errore
429 2113 656 2189 dijudicaremus,
671 2113 823 2188 siquando
842 2112 1013 2178 incidissent,
1028 2112 1140 2169 induxit

175 2217 246 2267 eam,
255 2219 321 2278 quae
329 2201 473 2258 videretur·
483 2219 554 2268 esse,
565 2220 620 2257 non
629 2221 693 2276 quae
705 2209 787 2266 esset,
798 2201 1023 2278 repugnantiam.
1056 2201 1139 2258 Hanc
1154 2206 1173 2258 8

175 2290 261 2368 igitur
274 2297 385 2366 partem
398 2290 527 2347 relictam
542 2291 727 2366 explebimus,
738 2290 821 2348 nullis
836 2285 1021 2355 adminiculis,
1032 2287 1092 2355 sed,
1108 2294 1140 2346 ut

176 2379 286 2446 dicitur,
308 2379 399 2436 Marte
420 2386 526 2436 nostro.
568 2379 669 2455 Neque
692 2379 767 2436 enim
788 2379 939 2454 quicquam
962 2384 1006 2434 est
1028 2377 1063 2434 de
1085 2377 1172 2436 hac9

176 2475 257 2546 parte
272 2475 336 2543 post
346 2468 507 2525 Panaetium
518 2467 699 2545 explicatum,
710 2468 911 2544 quodquidam
924 2465 993 2524 mihi
1006 2468 1139 2544 probare-

175 2563 231 2625 tur,
247 2557 283 2614 de
296 2556 338 2624 iis,
353 2577 419 2633 quae
434 2557 463 2614 in
476 2575 577 2614 manus
590 2575 668 2614 meas
680 2557 817 2618 venerint.

214 2736 300 2793 VIII.
316 2735 391 2792 Cum
404 2735 491 2814 igitur
504 2733 598 2811 alique
612 2734 720 2811 species
733 2734 862 2790 utilitatis
873 2733 988 2810 objecta
999 2739 1051 2799 est,
1063 2752 1139 2792 com·

176 2825 281 2882 moveri
293 2843 408 2882 necesse
423 2832 483 2881 est:
505 2824 601 2890 sedai,
617 2843 682 2881 oum
696 2823 822 2880 animum
836 2823 998 2889 attenderis,
1014 2823 1139 2899 turpitu-

177 2913 270 2970 dinem
284 2914 380 2972 videas
394 2913 559 2990 adjunctam
573 2913 599 2970 ei
611 2914 660 2980 rei,
675 2931 741 2988 quae
755 2913 878 2989 speciem
896 2911 1023 2968 utilitatis
1036 2912 1139 2969 attule-

176 3003 221 3067 rit,
235 3010 297 3058 tum
310 3021 365 3059 non
385 3003 491 3058 utilitas
511 3002 694 3078 relinquenda
714 3009 766 3068 est,
781 3001 832 3058 sed
852 3000 1075 3078 intelligendum,
1090 3000 1140 3058 ubi

150 3158 152 3166 ,
178 3090 324 3168 turpitudo
337 3091 381 3158 sit,
395 3091 433 3148 ibi
446 3091 597 3148 utilitatem
610 3110 672 3148 esse
685 3110 740 3147 uon
756 3109 847 3167 posse.
884 3089 994 3158 Quodsi
1011 3089 1081 3146 nihil
1094 3097 1139 3147 est
1153 3095 1171 3146 2

178 3185 236 3237 tam
251 3187 347 3236 contra
367 3187 506 3245 naturam,
521 3197 608 3254 quam
629 3179 777 3255 turpitudo
792 3179 884 3255 (recta
906 3179 980 3236 euim
994 3185 1023 3235 et
1037 3197 1138 3245 couve-

178 3269 281 3325 nientia
295 3276 324 3324 et
338 3267 494 3327 constantia
507 3275 608 3324 natura
622 3267 772 3334 desiderat,
787 3275 1013 3344 aspernaturque
1028 3274 1139 3324 contra-

178 3355 230 3435 ria)
244 3357 369 3434 nihilque
383 3363 442 3412 tam
457 3357 614 3414 secuudum
627 3363 766 3423 naturam,
781 3376 868 3433 quam
882 3357 1005 3422 utilitas;
1021 3362 1097 3412 certe
1110 3355 1140 3412 in

179 3446 277 3504 eadem
291 3465 322 3502 re
335 3445 441 3502 utilitas
455 3452 484 3502 et
498 3445 647 3522 turpitudo
667 3463 729 3502 esse
748 3464 804 3502 non
825 3452 928 3521 potest.
970 3445 1100 3519 Itemque
1115 3443 1139 3499 si
1153 3448 1171 3500 8

179 3535 216 3592 ad
229 3535 406 3592 honestatem
419 3535 478 3591 nati
498 3553 604 3602 sumus,
620 3553 708 3610 eaque
723 3541 773 3590 aut
786 3535 846 3590 sola
866 3531 1026 3610 expetenda
1040 3537 1092 3595 est,
1107 3537 1140 3586 ut

180 3623 282 3680 Zenoni
294 3624 385 3680 visum
400 3631 451 3689 est,
466 3631 516 3680 aut
537 3630 613 3680 certe
633 3623 708 3679 omui
730 3623 854 3698 pondere
876 3620 988 3698 gravior
1009 3617 1141 3674 habenda

180 3731 265 3792 quam
275 3711 491 3790 rehquaomnia,
499 3711 579 3789 quod
589 3711 738 3768 Aristoteli
750 3711 861 3789 placet;
875 3726 989 3766 necesse
1000 3713 1052 3773 est,
1062 3705 1140 3784 qu'od
1216 3777 1222 3789 ,
