2648 4288
521 389 606 428 mean
619 389 651 428 n.
692 387 759 428 ose.
774 388 826 428 vu.
1144 373 1182 427 68

206 517 270 575 Hoc
290 517 377 596 igitur
396 517 519 595 cognito,
541 517 692 576 dicendum
714 524 766 584 est,
788 535 911 595 quonam
932 515 1018 574 modo
1039 515 1161 575 homi-8

165 625 235 664 num
249 607 383 665 studia
396 608 433 664 ed
444 607 578 665 utilitates
589 616 700 665 nostrus
710 607 821 664 allicere
831 613 916 683 atque
927 607 1049 663 excitare
1064 623 1128 682 pos-

166 696 262 754 simus.
305 698 377 766 Quae
392 697 416 754 si
430 697 539 774 longior
553 697 638 755 fuerit
651 697 749 763 oratio,
765 715 831 754 cum
846 695 1040 774 magnitudine
1054 695 1127 753 utili-
1143 695 1161 753 'l

165 786 233 842 tatis
243 792 441 862 comparetur;
462 786 502 844 ita
515 786 636 844 fortasse
649 785 736 843 etiam
749 786 860 844 brevior
870 785 1018 843 videbitur.
1042 786 1128 854 Quae-

166 893 276 951 cunque
298 875 384 953 igitur
404 876 533 934 homines
552 875 659 934 homini
680 875 808 932 tribuunt
827 874 864 932 ad
886 893 951 932 eum
966 874 1161 952 eugendumss

165 971 251 1039 atque
265 964 482 1032 honestandum,
494 972 544 1022 eut
557 965 753 1022 benivolentiae
767 965 859 1042 gretia
873 964 987 1030 faciunt,
1000 983 1065 1021 cum
1079 964 1127 1021 ali-

165 1071 221 1129 qua
235 1052 271 1110 de
285 1071 371 1110 eausa
384 1055 546 1131 quempiam
557 1054 695 1132 diligunt;
716 1061 767 1111 aut
779 1054 901 1120 honoria,
913 1055 936 1110 si
950 1053 1031 1130 cujus
1041 1053 1128 1110 virtu·

165 1147 223 1198 tem
245 1143 411 1219 suspiciunt,
426 1161 568 1220 quemque
583 1143 701 1221 dignum
723 1144 836 1201 fortuna
850 1160 936 1220 quam
955 1143 1129 1219 amplissima
1194 1214 1196 1218 Ι

165 1238 286 1306 putant;
307 1219 358 1289 aul
378 1231 424 1290 cui
445 1231 532 1289 fidem
552 1232 665 1300 habent,
681 1239 711 1289 et
726 1233 798 1290 bene
812 1233 897 1290 rebus
911 1232 968 1288 suis
982 1231 1129 1289 consulere

164 1319 355 1387 arbitrantur;
376 1328 427 1378 aut
447 1321 529 1398 cujus
549 1339 620 1398 opes
639 1328 789 1387 metuunt;
810 1327 862 1378 aut
874 1327 980 1386 contra,
995 1339 1013 1376 a
1026 1319 1129 1396 quibus

164 1409 270 1486 aliquid
291 1416 453 1486 expectant,
469 1417 502 1468 ut
522 1429 588 1468 cum
606 1429 689 1488 reges
703 1410 890 1488 popularesve
904 1410 1032 1468 homines
1045 1409 1128 1488 largi·

163 1499 254 1556 tiones
274 1499 382 1577 aliquas
403 1507 582 1576 proponunt;
607 1507 657 1557 aut
677 1507 821 1578 postremo
842 1499 932 1576 prelio
946 1517 979 1556 ac
997 1497 1161 1556 mercedeil

164 1588 316 1656 ducuntur,
331 1608 397 1665 quae
419 1589 612 1646 sordidissima
626 1596 670 1646 est
686 1589 733 1646 illa
747 1588 861 1666 quidem
875 1588 946 1646 ratio
960 1595 989 1646 et
1001 1588 1128 1666 inquina-

163 1678 278 1746 tissima,
291 1687 320 1736 et
333 1679 374 1746 iis,
389 1679 438 1756 qui
448 1697 482 1736 ee
495 1686 635 1747 tenentur,
647 1686 676 1736 et
690 1679 752 1747 illis,
767 1678 835 1756 quid
848 1678 885 1736 ad
897 1697 960 1735 eam
975 1678 1129 1756 confugere

164 1775 308 1826 conantur.
350 1767 426 1826 Male
446 1769 521 1826 enim
539 1787 570 1825 se
588 1787 633 1825 res
647 1769 742 1834 habet,
757 1787 832 1834 cum,
847 1767 924 1845 quod
939 1767 1042 1825 virtute
1056 1767 1128 1824 effici
1143 1772 1180 1826 10

163 1857 258 1924 debet,
273 1857 302 1914 id
323 1865 450 1915 tentatur
469 1858 596 1934 pecunia.
638 1858 697 1915 Sed
712 1858 844 1935 quoniam
857 1877 1059 1934 nonnunquam
1072 1857 1128 1915 hoc

163 1947 320 2005 subsidium
342 1948 532 2005 necessarium
552 1955 605 2015 est,
620 1947 863 2024 quemadmodum
876 1947 913 2004 sit
931 1948 1068 2005 utendum
1083 1965 1127 2014 eo,

163 2035 297 2103 dicemus,
312 2037 336 2093 si
357 2037 434 2114 prius
456 2037 489 2094 iis
511 2036 660 2104 derebus,
682 2056 747 2113 quae
768 2036 865 2093 virtuti
887 2037 1032 2114 propiores
1052 2043 1126 2104 aunt,
1201 2089 1203 2094 ,

164 2125 323 2183 dixerimus.
365 2127 463 2202 Atque
477 2126 561 2183 etiam
576 2125 728 2202 subjiciunt
742 2145 772 2182 se
786 2125 913 2182 homines
927 2126 1044 2203 imperio
1058 2126 1126 2183 alte·
1143 2130 1177 2183 11

163 2214 219 2272 rius
231 2222 259 2272 et
273 2217 406 2292 potestati
417 2215 454 2272 de
468 2216 559 2273 causis
574 2215 710 2291 pluribus.
738 2215 889 2272 Ducuntur
899 2214 973 2271 enim
987 2221 1037 2272 aut
1050 2215 1126 2272 beni-
1143 2220 1179 2272 12

163 2305 293 2372 volentia,
309 2312 359 2362 eut
379 2304 578 2362 beneficiorum
601 2302 803 2382 magnitudine,
819 2312 869 2361 aut
887 2303 1032 2381 dignitatis
1052 2322 1126 2380 prae·

164 2389 276 2460 atentia,
292 2401 342 2450 aut
356 2413 417 2471 spe,
434 2394 486 2451 sibi
498 2394 527 2450 id
542 2393 610 2450 utile
624 2393 761 2460 iutmum,
773 2400 824 2451 aut
836 2399 923 2460 metu,
937 2412 973 2450 ne
987 2393 1014 2448 vi
1028 2411 1127 2469 parere

164 2491 309 2560 cogentur,
325 2491 376 2540 eut
396 2501 447 2560 spe
467 2483 620 2560 largitionis
637 2482 836 2559 promissisque
850 2482 934 2559 cepti,
948 2488 998 2539 eut
1018 2490 1126 2558 postre-
1177 2521 1179 2526 ,

164 2592 219 2640 mo,
239 2580 272 2630 ut
293 2591 370 2650 saepe
393 2573 422 2630 in
443 2580 540 2630 nostra
561 2589 592 2629 re
614 2572 728 2649 publica
749 2572 887 2639 videmus,
908 2571 1039 2630 mercede
1060 2591 1126 2630 con-

164 2662 250 2721 ducti.

203 2842 272 2898 VII.
295 2841 429 2899 Omnium
451 2849 546 2899 autem
568 2861 662 2898 rerum
683 2860 736 2899 nec
756 2841 850 2917 aptius
868 2847 912 2899 est
925 2841 1074 2919 quicquam
1088 2841 1126 2900 ud

164 2950 233 3008 opes
246 2930 366 2988 tuendas
380 2950 413 2988 ac
427 2931 572 2997 tenendas,
588 2950 673 3007 quam
687 2931 773 3008 diligi,
788 2949 840 2989 nec
854 2932 977 2999 alienius,
992 2949 1079 3007 quem
1092 2931 1126 2989 ti·

163 3020 241 3078 meri.
282 3020 424 3078 Praeclere
438 3021 512 3077 enim
526 3020 646 3077 Ennius:
1141 3027 1158 3078 2
1222 3085 1234 3100 .

179 3152 267 3224 Quem
280 3160 415 3220 metuunt,
430 3152 562 3209 odeum:
584 3171 664 3226 quem
678 3153 793 3226 quiaque
806 3151 872 3246 odit,
882 3153 998 3226 periisse
1010 3153 1115 3226 expetit.

164 3295 320 3352 Multorum
342 3302 438 3352 autem
460 3293 530 3352 odiis
549 3294 641 3352 nullas
662 3313 731 3372 opes
750 3313 833 3371 posse
847 3295 990 3362 obsistere,
1007 3295 1030 3354 si
1044 3303 1158 3354 anteat

164 3384 218 3440 fuit
230 3385 367 3462 ignotum,
383 3403 474 3461 nuper
487 3391 532 3442 est
550 3384 701 3462 cognitum.
743 3385 804 3441 Nec
819 3402 886 3442 vero
906 3385 993 3463 liujus
1015 3386 1159 3462 tyranni4
1202 3390 1207 3407 '

165 3474 266 3540 solum,
281 3492 365 3549 quem
380 3473 464 3530 armis
484 3491 620 3550 oppressa
641 3473 757 3550 pertulit
776 3473 882 3540 civitas,
898 3481 1034 3550 paretque
1049 3493 1126 3532 cum·

165 3563 285 3619 maxime
309 3571 429 3629 mortuo,
453 3562 581 3619 interitus
605 3561 739 3628 declarat,
760 3570 898 3638 quantum
918 3562 1014 3618 odium
1038 3561 1126 3618 homi·

165 3670 234 3708 num
247 3651 341 3708 valeat
354 3650 391 3707 ad
406 3658 534 3727 pestem:
555 3650 606 3708 sed
620 3651 790 3727 reliquorum
811 3651 913 3707 similes
927 3651 1018 3706 exitus
1031 3657 1126 3726 tyran·

165 3759 275 3806 norum,
289 3758 411 3816 quorum
429 3739 508 3798 haud
527 3740 587 3796 fere
599 3739 748 3816 quisquam
761 3740 849 3796 talem
861 3739 1005 3796 muriam
1017 3737 1126 3817 effingit
