2648 4288
441 709 486 784 rr.
507 707 645 783 runnu
670 661 886 784 oronrours'

274 949 1052 1068 DEOFFICIIS

641 1177 676 1211 ΑΒ

425 1298 657 1368 MARCUM
688 1302 898 1370 FILIUM.

522 1714 631 1766 LIBER
653 1712 794 1766 PRIMUS„

186 1846 398 1916 LQunroulu
417 1852 455 1914 tc,
476 1845 606 1904 Meroe
633 1845 714 1914 fili,
739 1864 845 1906 annum
865 1847 926 1925 jem
952 1847 1116 1907 audientem

147 1935 330 2014 Cratippum,
339 1937 425 2013 idque
441 1935 573 2003 Athenis,
585 1935 730 1994 abundare
744 1943 858 2014 oportet
871 1937 1024 2014 praeceptis
1036 1935 1115 1995 insti·

146 2024 273 2100 tutisque
285 2024 483 2102 philosophico,
495 2030 613 2101 propter
626 2043 766 2082 summam
781 2032 810 2082 et
824 2025 949 2084 doctoris
963 2025 1115 2084 auctorite·

146 2119 206 2172 tem
220 2121 250 2170 et
266 2114 361 2179 urbis;
381 2133 503 2190 quorum
517 2113 590 2170 altor
603 2120 632 2170 te
646 2113 763 2171 scientia
781 2132 888 2192 augere
906 2120 1010 2192 potest,
1025 2113 1115 2172 clun

147 2201 297 2279 exemplis:
318 2210 423 2270 tumen,
442 2207 476 2259 ut
495 2201 556 2278 ipse
576 2200 614 2258 ad
634 2221 728 2258 meam
748 2202 900 2260 utilitatem
921 2221 1035 2279 semper
1048 2221 1115 2260 oum

148 2291 259 2349 Graecis
273 2291 374 2348 Latina
394 2291 534 2369 conjunxi,
550 2309 641 2366 neque
661 2291 691 2347 id
711 2290 740 2348 in
754 2291 932 2368 philosophia
946 2292 1047 2358 solum,
1062 2290 1115 2349 sed

146 2380 233 2438 etiem
247 2381 275 2438 in
289 2379 402 2439 dicendi
420 2379 618 2436 exercitatione
638 2378 709 2451 seph
729 2379 806 2437 idem
825 2369 877 2438 tibi
897 2399 998 2438 censeo
1011 2380 1114 2438 lucien-

146 2469 226 2537 dum,
241 2475 275 2526 ut
288 2487 342 2546 per
354 2468 393 2526 sis
405 2468 434 2524 in
447 2467 595 2543 utriusque
612 2467 744 2524 orationis
760 2467 904 2526 facultate.
946 2469 1039 2537 Quum
1053 2469 1113 2546 qui-
1128 2475 1146 2528 2

146 2559 213 2618 dem
227 2558 265 2616 od
284 2577 345 2616 rem
365 2575 425 2624 nos,
440 2563 473 2614 ut
491 2556 628 2624 videmur,
643 2575 779 2634 magnum
799 2556 945 2616 attulimus
966 2558 1113 2636 adjumen-

145 2655 208 2706 tum
228 2647 388 2705 hominibus
410 2645 521 2713 nostris,
536 2651 570 2702 ut
589 2663 646 2702 non
666 2645 753 2703 modo
774 2647 939 2704 Graecurum
955 2647 1114 2706 litterarum

145 2737 233 2794 rudes
247 2735 299 2794 sed
319 2735 405 2794 etiam
420 2734 497 2794 docti
517 2734 694 2812 aliquantum
714 2754 745 2793 ee
766 2736 937 2794 arbitrentur
950 2735 1070 2814 adeptos
1083 2743 1114 2796 et

145 2825 184 2883 od
199 2825 351 2883 dicendum
365 2824 446 2882 etad
458 2823 654 2902 judicandum.
677 2825 892 2893 Quamobrem
903 2825 994 2884 disces
1008 2833 1041 2884 tu
1051 2826 1111 2904 qui-
1127 2831 1145 2885 θ

147 2915 214 2973 dem
228 2933 246 2971 a
260 2914 385 2992 principe
398 2914 486 2992 hujus
508 2913 598 2971 cratis
612 2914 855 2992 philosophorum,
871 2924 900 2974 et
913 2916 1013 2982 disces,
1024 2935 1112 2993 quem

145 3004 195 3062 diu
209 3005 302 3062 voles:
325 3010 384 3060 tum
398 3003 448 3062 diu
458 3009 566 3060 ¹antem
580 3003 652 3060 velle
667 3003 793 3070 debebis,
808 3005 903 3081 quoad
918 3011 956 3072 te,
971 3012 1112 3080 quantum

146 3094 285 3171 proficias,
299 3111 356 3150 non
370 3092 536 3169 poenitebit:
558 3092 610 3150 sed
630 3100 727 3150 temen
741 3100 837 3150 nostre
849 3092 955 3170 legens,
969 3112 1026 3150 non
1039 3093 1111 3152 mul·

145 3190 209 3240 tum
223 3201 240 3238 a
254 3181 452 3258 Peripateticis
466 3181 639 3248 dissidentia,
654 3181 788 3256 quoniam
806 3181 918 3258 utrique
931 3181 1068 3254 Socrutici
1082 3189 1113 3241 ct

145 3271 283 3328 Platonici
296 3271 428 3328 volumus
442 3289 513 3337 esso,
528 3269 565 3326 de
579 3271 664 3328 rebus
678 3270 746 3346 ipsis
760 3276 842 3328 utere
856 3277 907 3328 tuo
925 3272 1041 3348 judicio,
1057 3272 1110 3346 (ni-

144 3360 279 3418 hilerim
302 3357 449 3438 impedio)
471 3359 627 3418 orationem
651 3366 748 3418 antem
772 3361 902 3418 Latinam
922 3361 1025 3420 efficies
1046 3380 1111 3437 pro·

144 3450 221 3508 secto
234 3449 361 3527 legendis
375 3449 477 3506 nostris
498 3449 661 3526 pleniorem.
703 3449 765 3508 Nec
784 3469 852 3508 vero
872 3450 927 3509 hoc
946 3454 1144 3531 arroganterl
1266 3441 1272 3454 ⁸

145 3538 253 3596 dictum
268 3539 420 3597 existimari
434 3537 526 3596 velim.
561 3538 638 3595 Nam
652 3538 871 3616 philosophandi
884 3539 1029 3597 scientiam
1044 3557 1110 3594 con·

146 3627 249 3686 cedens
268 3628 374 3695 multis,
389 3627 467 3705 quod
491 3634 536 3684 est
556 3628 675 3684 oratoris
695 3628 850 3705 proprium,
871 3636 948 3706 apte,
969 3626 1109 3696 distincte,

144 3723 243 3776 ornato
263 3716 365 3786 dicere,
386 3715 520 3793 quonium
539 3715 568 3774 in
587 3734 623 3774 eo
643 3716 737 3774 studio
757 3723 875 3776 aetntem
895 3733 1066 3792 coneumpn,
1086 3715 1111 3776 si
