2648 4288
413 369 498 408 usna
511 370 531 410 1.
573 369 641 409 oss.
656 370 728 410 xvu.
1022 355 1061 410 28

87 500 126 559 rtis
138 498 278 576 plurimum
296 497 464 557 conferetur.
506 499 573 564 Sed,
588 516 654 575 quae
668 505 777 558 naturas
796 497 935 576 principia
952 497 1008 556 sint
1022 503 1040 556 2

87 589 252 647 immunitatis
272 595 301 646 et
323 588 464 646 societatis
482 588 626 654 humanus,
640 588 828 664 repetendum
841 587 954 646 videtur
966 588 1008 646 el·

87 699 122 736 us.
158 680 206 746 Fst
226 678 299 736 enim
319 678 450 755 primum,
465 677 543 754 quod
564 677 688 736 cernitur
707 677 736 734 in
755 677 877 734 universi
896 677 1041 755 generist

87 769 167 826 umaui
179 768 325 834 societate;
346 767 409 844 ejus
423 773 520 824 autem
535 765 679 824 uinculum
699 773 744 823 est
765 767 838 824 ratio
857 773 888 824 et
908 767 1011 834 oratio,

87 878 122 916 uae
144 859 272 926 doeeudo,
293 856 437 923 discendo,
458 855 702 922 communicando,
717 855 912 932 disceptando,
933 856 1009 932 judi·

87 948 145 1005 mdo
157 946 278 1005 oonoiliet
291 947 364 1004 inter
381 964 412 1002 se
432 945 569 1012 homines,
585 943 790 1023 conjungitque
804 945 927 1002 naturali
939 965 1010 1022 qua·

87 1057 121 1096 tm
139 1037 273 1096 soeietote.
314 1035 416 1112 Neque
429 1035 532 1092 ellare
546 1035 659 1112 longius
672 1036 809 1092 absumus
823 1053 841 1092 a
853 1042 957 1094 nabrra
969 1035 1009 1092 le·
1024 1039 1044 1092 4

88 1135 154 1195 run'r,
173 1127 199 1184 in
219 1126 322 1201 quibus
345 1125 437 1182 inesse
460 1123 656 1183 fortitudinem
677 1143 755 1201 saepe
778 1124 906 1191 dicimus,
927 1125 1011 1184 utin

87 1217 179 1294 [uisiu
197 1215 339 1280 leonibus;
357 1213 506 1290 justitiam,
522 1213 695 1290 {equitatem
716 1213 872 1272 bonitatem
893 1233 950 1272 non
969 1214 1010 1272 di·

87 1326 148 1364 nus.
188 1305 259 1364 Sunt
272 1303 348 1362 enim
360 1303 476 1362 rationis
496 1309 527 1361 et
546 1302 679 1360 orationis
693 1309 834 1378 expertes.
874 1303 920 1361 Ae
934 1303 1011 1362 laus·
1025 1313 1043 1364 t

86 1393 254 1470 nequidem
276 1399 377 1470 petens
400 1391 562 1450 bominibus
581 1392 656 1450 inter
677 1391 764 1469 ipsos,
786 1392 919 1452 omnibus
940 1393 1014 1452 inter

87 1503 156 1550 unes,
177 1482 295 1542 societas
316 1482 380 1540 haee
402 1488 461 1548 est;
481 1481 510 1540 in
531 1499 590 1558 que
611 1481 737 1540 omnium
760 1499 864 1550 rerum,
879 1501 951 1560 ques
974 1483 1012 1542 sd

87 1592 226 1632 mmunem
238 1572 384 1631 bominum
397 1590 481 1628 usum
494 1579 596 1630 natura
608 1571 716 1650 genuit,
727 1579 771 1630 est
784 1572 924 1630 servanda
934 1592 1011 1632 oom-

87 1665 178 1730 mitae,
193 1669 233 1730 ut,
247 1681 314 1738 quae
335 1661 479 1738 descripta
499 1669 567 1720 sunt
584 1661 697 1740 legibus
712 1668 742 1720 et
759 1661 824 1738 jure
843 1663 926 1730 eivili,
947 1663 1013 1722 baee

108 1759 264 1819 teneantur,
278 1757 312 1810 ut
332 1751 370 1809 sit
392 1751 619 1820 eonstitutum‚e
642 1751 745 1830 quibus
767 1751 836 1830 ipsis
854 1759 952 1812 eetera
971 1753 1012 1812 sie

87 1848 239 1908 serventur,
252 1847 286 1899 ut
303 1841 332 1898 in
347 1841 519 1900 Graeeorum,
537 1842 687 1919 proverbio
705 1849 758 1908 est,
773 1842 930 1900 amireorum
950 1859 1015 1901 esse

87 1932 207 1990 mmunia
219 1930 322 1989 omnia.
364 1930 498 1990 Omnium
512 1939 609 1990 autem
631 1931 792 1990 eommunia
812 1932 959 1990 hominum
972 1931 1013 1991 vi·
1027 1937 1046 1991 6

87 2029 150 2080 ntur
170 2039 213 2090 ee,
227 2038 293 2097 qua
313 2027 381 2078 sunt
401 2021 603 2099 generis'eius,
615 2021 695 2097 quod
716 2022 754 2080 ab
775 2021 867 2080 Ennio
888 2023 1014 2100 positum

88 2131 146 2169 una
159 2129 199 2179 re,
214 2109 361 2168 transferri
375 2110 403 2167 in
415 2111 521 2168 multas
536 2117 639 2188 potest.

218 2211 316 2278 Homo,
331 2211 383 2286 qui
395 2211 500 2268 martti
513 2212 623 2268 uenator
635 2217 773 2267 metuant
785 2209 870 2277 υἰαω,

226 2301 316 2373 Queri
329 2302 423 2358 lumen
436 2301 469 2358 de
481 2318 533 2357 suo
546 2301 651 2357 lumine
663 2299 798 2365 ascendet,
805 2301 888 2374 satit.

217 2389 322 2448 Nihilo
334 2391 429 2448 minue
441 2391 498 2464 ἐμὲ
512 2391 591 2457 lueet,
605 2407 669 2446 cum
681 2389 727 2446 tlt·
740 2389 898 2449 accenderit.

87 2511 107 2550 ¹a
129 2511 167 2550 ex
187 2508 220 2548 re
239 2489 308 2548 setis
323 2489 463 2568 praeeipit,
478 2496 520 2558 ut,
535 2489 670 2566 quiequid
685 2489 743 2546 sine
757 2489 926 2547 detrimento
940 2507 1015 2548 eom·
1030 2489 1048 2549 't

87 2582 152 2639 dari
176 2580 279 2659 possit,
300 2579 330 2638 id
353 2579 496 2637 tribuatur
517 2579 563 2638 vel
585 2579 692 2658 ignoto.
732 2579 778 2636 Ex
799 2597 857 2656 quo
878 2587 945 2637 sunt
967 2579 1048 2640 illas

87 2671 213 2737 omunia,
236 2689 295 2727 non
318 2669 469 2747 probibere
493 2687 568 2746 equa
595 2669 771 2746 profluente;
800 2669 860 2747 pati
887 2670 924 2728 ab
950 2669 1016 2748 igne

89 2780 138 2818 em
152 2778 269 2838 capere,
284 2759 309 2816 si
322 2759 372 2836 qui
385 2759 469 2826 velit;
491 2758 639 2816 eonsilium
652 2759 736 2816 fidele
750 2758 917 2818 deliberanti
930 2759 1015 2818 dare:

87 2871 104 2908 e
121 2857 192 2908 sunt
205 2849 240 2907 iis
258 2849 347 2917 utilia,
362 2849 412 2926 qui
425 2848 575 2926 accipiunt,
591 2847 671 2906 danti
684 2867 741 2907 non
754 2849 884 2908 molesta.
920 2850 1016 2918 Quare

87 2940 127 2997 iis
142 2939 289 2996 utendum
303 2945 356 3007 est,
371 2946 401 2996 et
414 2955 527 3015 semper
540 2937 647 3016 aliquid
665 2938 704 2996 ad
718 2957 897 2997 communem
910 2939 1016 2996 utilita-

87 3049 96 3086 ι
125 3029 318 3087 afferendum.
339 3067 343 3074 ,
368 3027 428 3086 Sed
449 3028 584 3105 quoniam
607 3028 698 3106 eopiae
723 3046 820 3105 pervae
841 3027 1049 3106 singulorumtt

87 3126 112 3186 .t,
129 3137 237 3176 eorum
259 3126 364 3186 autem,
379 3118 429 3195 qui
449 3117 493 3175 his
517 3125 630 3196 egeant,
651 3117 759 3174 infinita
779 3123 824 3174 est
842 3117 1016 3176 multitudo:

87 3209 167 3286 garis
182 3207 341 3266 liberalitas
354 3207 503 3265 reserenda
516 3212 561 3265 est
574 3205 612 3263 ed
626 3207 706 3264 illum
720 3207 803 3266 Ennii
822 3207 916 3276 finem,
930 3207 1020 3266 nitito

87 3317 133 3355 tus
155 3299 217 3373 s'pui
241 3299 333 3370 lueet;
353 3303 388 3354 ut
408 3297 531 3354 laerdtas
552 3297 670 3374 sitque
690 3296 720 3354 in
740 3307 853 3356 nostros
875 3297 964 3355 simus
985 3296 1018 3354 li-

87 3389 160 3446 eles

87 3546 182 3604 (VII.
210 3545 328 3604 Gradus
342 3550 439 3602 autem
453 3543 551 3622 plures
564 3551 631 3604 sunt
644 3543 786 3604 societatis
799 3541 955 3601 bominum.
976 3539 1020 3598 Ut

87 3656 108 3692 n
120 3637 163 3693 ab
174 3635 230 3692 ills
239 3634 347 3693 infinita
355 3634 525 3700 discedatur,
537 3634 653 3712 propior
662 3640 707 3692 est
716 3633 846 3710 ejusdem
859 3629 962 3708 gentis,
969 3647 1020 3686 ns-

87 3725 127 3793 is,
145 3723 274 3804 linguae,
289 3741 346 3802 qua
358 3723 479 3782 maxime
490 3723 621 3784 homines
634 3723 854 3801 eonjrmguutur.
895 3718 1018 3780 Interius
1033 3723 1052 3780 2
