2750 4284
512 383 598 422 menn
611 384 643 423 11.
685 383 751 424 car.
766 383 841 422 xrv..
1138 363 1174 424 'll

162 517 299 577 versatur,
315 509 341 577 ii,
356 510 473 568 simulac
491 511 610 588 juvenes
629 530 690 568 esse
704 519 861 588 ccepcrnnt,
876 529 980 588 magna
994 515 1123 586 spectare

162 608 192 657 et
210 601 248 657 ad
268 619 302 658 ea
320 601 404 658 rectis
418 601 517 660 studiis
532 600 638 659 debent
652 602 840 660 contendere:
861 602 940 678 quod
953 621 987 660 eo
1002 602 1123 660 firmiore

161 689 256 750 animo
269 689 381 758 facient,
395 689 462 766 quia
475 709 531 746 non
544 691 630 748 modo
644 710 700 748 non
718 691 859 748 invidetur
871 691 911 748 illi
924 691 1009 758 aetafi,
1024 710 1123 748 verum

161 778 247 835 etiam
261 779 380 836 lavetur.
452 816 455 824 ,

200 956 296 1013 Prima
317 962 362 1014 est
381 957 467 1035 igitur
487 957 658 1015 adolescenti
679 957 886 1016 commendatio
899 959 936 1016 ad
957 959 1084 1036 gloriam,
1099 958 1155 1016 sib

161 1063 218 1120 qua
238 1064 281 1102 ex
306 1046 468 1104 bellicis
489 1047 604 1104 rebus
624 1047 781 1123 comparari
799 1055 909 1124 potcst;
930 1049 1028 1124 inqua
1042 1048 1123 1106 multi

160 1135 238 1211 apud
248 1135 371 1212 majores
381 1143 492 1194 nostros
503 1136 668 1194 extiterunt:
684 1155 796 1213 semper
806 1138 880 1193 enim
890 1136 948 1194 fere
959 1138 1033 1194 bella
1043 1157 1123 1215 gere-

160 1224 272 1283 bantur.
300 1227 361 1283 Tua
371 1235 466 1284 autem
478 1235 546 1284 aetas
556 1227 653 1285 incidit
662 1227 691 1284 iu
701 1228 729 1284 id
741 1228 856 1294 bellum,
867 1229 948 1306 cujus
959 1230 1047 1286 altera
1057 1248 1123 1305 pars
1137 1235 1155 1286 6

161 1315 274 1372 sceleris
287 1315 403 1372 nimium
417 1317 525 1383 habuit,
540 1317 629 1373 altera
645 1317 785 1374 felicitatis
799 1336 907 1394 parum.
950 1319 1014 1386 Quo
1027 1327 1122 1374 tamen
1138 1317 1154 1375 l

160 1403 189 1459 in
209 1405 292 1471 bello,
307 1424 372 1462 cum
392 1413 422 1462 te
442 1405 595 1482 Pompeius
616 1406 669 1462 alae
690 1405 771 1462 alteri
792 1407 973 1482 praefecisset,
989 1426 1122 1484 magnam

161 1492 274 1548 laudem
296 1501 326 1550 et
346 1512 363 1549 a
384 1513 495 1551 summo
509 1494 569 1550 viro
583 1503 612 1550 et
626 1494 662 1551 ab
677 1495 802 1551 exercitu
822 1497 1032 1571 consequebare
1046 1496 1122 1572 cqui-

160 1579 256 1648 tando,
270 1582 432 1658 jacadando,
448 1583 524 1639 omni
543 1583 655 1640 militari
670 1584 767 1641 labore
781 1584 935 1642 tolerando.
977 1585 1075 1661 Atque
1089 1604 1123 1642 ea

162 1669 276 1745 quidem
290 1677 340 1726 tua
353 1671 415 1727 laus
429 1671 534 1747 pariter
549 1692 614 1728 cum
627 1691 657 1728 re
671 1673 784 1749 publica
794 1673 901 1730 cecidit.
944 1673 1013 1730 Mihi
1026 1683 1122 1731 autem
1137 1681 1155 1732 8

161 1757 224 1815 haec
235 1760 324 1816 oratio
335 1768 467 1836 suscepta
477 1760 580 1818 nonde
595 1768 624 1818 te
638 1770 690 1829 est,
705 1762 756 1818 sed
770 1761 806 1820 de
820 1781 922 1840 genere
931 1771 1008 1820 toto:
1023 1783 1122 1840 quam·

161 1847 258 1903 obrem
272 1867 424 1926 pergamus
438 1849 475 1906 ad
490 1869 531 1916 ea,
546 1871 612 1927 quae
627 1859 742 1929 restant.

201 1936 242 1993 Ut
263 1937 349 2013 igitur
367 1937 396 1994 in
415 1939 529 2014 reliquis
549 1940 634 1997 rebus
654 1939 744 1997 multo
763 1941 870 2017 majora
886 1960 972 2018 opera
986 1949 1052 1999 sunt
1065 1942 1122 2000 ani·
1137 1949 1154 2000 9

160 2024 207 2090 mi,
222 2044 308 2100 quam
329 2028 469 2104 corporis:
491 2028 531 2085 sic
545 2047 587 2084 eae
601 2047 654 2095 res,
670 2048 740 2104 quas
759 2028 869 2106 ingenio
882 2049 915 2087 ac
932 2032 1039 2089 ratione
1058 2051 1121 2108 per-

160 2115 311 2190 sequimur,
333 2116 475 2192 graviores
495 2124 570 2184 sunt,
591 2136 676 2193 quem
695 2118 761 2184 illae,
782 2138 853 2194 quas
872 2119 985 2178 viribus.
1026 2121 1122 2178 Prima
1137 2127 1174 2180 10

160 2204 247 2280 igitur
254 2205 461 2262 commendatio
470 2207 654 2283 proficiscitur
665 2225 681 2263 a
692 2227 721 2263 m
729 2207 770 2264 od
778 2208 891 2275 estia,
904 2215 964 2265 tum
978 2209 1122 2285 pietate

160 2293 189 2350 in
210 2301 349 2369 parentes,
371 2295 400 2350 in
426 2314 493 2352 suos
521 2295 714 2353 benivolentia.
757 2296 900 2355 Facillime
921 2305 1024 2365 autem,
1045 2305 1075 2355 et
1093 2299 1122 2356 in
1137 2305 1172 2356 11

161 2383 297 2458 optimam
312 2390 431 2459 partem,
444 2392 654 2461 cognoscuntur
664 2385 864 2451 adolescentes,
876 2386 925 2461 qui
938 2405 968 2442 se
979 2387 1015 2442 ad
1031 2387 1122 2445 claros

161 2478 190 2528 et
204 2472 344 2548 sapientes
355 2473 437 2538 viros,
449 2473 521 2530 bene
535 2473 713 2530 consulentes
727 2473 766 2530 rei
781 2475 913 2552 publicae,
925 2475 1105 2533 contulerunt
1113 2495 1131 2534 ς.

161 2560 329 2637 quibuscum
351 2561 374 2617 si
395 2561 556 2636 frequentes
580 2569 655 2628 sunt,
680 2562 838 2639 opinionem
861 2564 982 2621 afferunt
1005 2565 1120 2641 populo,

161 2667 258 2706 eorum
280 2650 339 2707 iore
361 2669 392 2708 se
413 2650 524 2717 similes,
540 2670 611 2727 quos
634 2650 757 2728 sibiipsi
776 2651 932 2729 delegerint
952 2653 989 2710 ad
1010 2653 1121 2710 imitan-

161 2737 237 2796 dum.
278 2739 311 2796 P.
326 2740 424 2796 Rutilii
436 2739 655 2798 adolescentiam
669 2741 707 2797 ad
721 2741 879 2818 opinionem
896 2749 925 2799 et
944 2743 1120 2810 innocentiae,
1137 2750 1173 2801 12

161 2835 190 2884 et
211 2828 282 2904 juris
305 2829 436 2895 scientim,
458 2829 492 2886 P.
514 2828 599 2886 Mucii
620 2831 826 2888 commendavit
846 2831 955 2889 domus.
997 2832 1173 2892 Nemnis

161 2917 274 2992 quidem
286 2918 414 2986 Crassus,
426 2938 491 2976 cum
501 2925 577 2976 essct
587 2918 741 2976 admodum
753 2920 925 2987 adolescens,
937 2940 993 2978 non
1008 2921 1121 2980 aliunde

160 3013 307 3063 mutuatus
328 3015 380 3074 est,
395 3008 446 3064 sed
461 3008 514 3065 sibi
526 3009 588 3084 ipse
602 3009 713 3084 peperit
732 3009 884 3066 maximam
897 3009 1012 3066 laudem
1026 3029 1061 3066 ex
1074 3011 1122 3066 illa

161 3096 338 3152 accusatione
352 3097 437 3154 nobili
451 3105 479 3154 et
499 3097 642 3173 gloriosa:
664 3104 763 3173 etqua
782 3105 865 3154 aetate
880 3099 928 3174 qui
948 3105 1121 3166 exercentur,

161 3184 245 3241 laude
265 3185 338 3242 affici
358 3185 458 3251 solent,
473 3193 506 3242 ut
527 3186 563 3242 de
584 3185 777 3242 Demosthene
797 3187 965 3262 accepimus,
980 3205 1015 3242 ea
1035 3194 1122 3246 aetate

161 3271 192 3330 L.
209 3273 328 3330 Crassus
349 3272 479 3339 ostendit,
494 3273 522 3330 id
544 3291 574 3330 sc
594 3273 621 3330 in
642 3273 704 3330 foro
725 3275 831 3350 optime
849 3275 909 3352 jam
929 3276 1030 3344 lacere,
1044 3277 1122 3354 quod

160 3362 308 3419 etiamtum
322 3370 434 3439 poterat
448 3362 524 3420 domi
538 3381 603 3420 cum
618 3363 703 3421 laude
718 3363 857 3422 meditari.

200 3539 281 3598 XIV.
303 3540 360 3598 Sed
375 3561 439 3598 cum
451 3541 557 3618 duplex
571 3535 642 3598 ratio
656 3541 692 3599 sit
706 3541 845 3608 orationis,
857 3561 977 3618 quarum
990 3541 1018 3598 in
1033 3541 1122 3598 altera

161 3647 254 3686 sermo
274 3629 318 3695 sit,
333 3629 360 3686 in
380 3630 469 3687 altera
489 3631 645 3688 contentio:
670 3651 725 3688 non
746 3639 790 3688 est
809 3631 838 3686 id
859 3630 973 3706 quidem
994 3629 1121 3696 dubium,

160 3717 229 3794 quin
242 3717 384 3776 contentio
398 3719 530 3776 orationis
544 3720 680 3796 majorem
694 3721 750 3778 vim
764 3720 869 3776 habeat
882 3719 919 3776 ad
939 3718 1060 3796 gloriam
1076 3715 1122 3796 (ea
