2648 4288
509 298 595 349 mann
609 310 629 348 1.
670 310 736 350 car.
752 311 790 350 rr.

141 455 174 494 ee
193 436 399 504 accommodat,
414 439 531 514 paulum
544 438 699 496 admodum
712 441 835 496 mutiens
856 439 1032 516 praeteritum
1053 445 1105 497 eut

141 526 278 584 futurum.
319 527 414 584 Homo
445 535 550 594 autem,
572 528 649 604 qnod
678 529 793 586 rationis
814 537 858 586 est
881 529 1031 604 particeps,
1053 545 1105 604 per

142 634 227 691 quam
256 616 454 691 consequentia
478 618 572 682 cernit,
595 635 696 674 causas
724 635 818 674 rerum
842 618 928 682 videt,
950 635 1104 692 earumque

141 721 308 781 progressus
328 712 358 760 et
377 705 457 780 quasi
476 699 682 764 antecessiones
700 725 756 763 non
776 707 896 783 ignorat,
911 703 1104 764 similitudines

141 799 295 869 comparat,
310 793 453 869 rebusque
473 795 662 870 praesentibus
676 795 807 872 adjungit
820 803 907 871 atque
920 795 1046 852 adnectit
1058 795 1103 852 iu·

31 958 35 968 ⁸
140 888 236 948 turas;
257 881 340 940 facile
354 882 441 938 totius
457 883 523 940 vitae
539 901 653 940 cursum
663 884 748 950 videt,
760 884 796 941 ed
811 903 931 961 eamque
942 883 1103 962 degendam

140 979 285 1048 praeparat
305 989 352 1028 res
370 973 565 1054 necessarias7
591 973 756 1048 Eademque
769 979 870 1030 natura
884 973 911 1031 vi
923 974 1038 1032 rationis
1052 974 1102 1032 ho
1117 978 1136 1032 4

139 1061 244 1118 minem
264 1061 392 1118 conciliat
412 1061 517 1118 homini
537 1069 566 1118 et
586 1063 623 1120 ad
644 1062 776 1119 orationis
796 1069 826 1120 et
839 1063 876 1119 ad
896 1063 963 1120 vitae
985 1063 1102 1120 societa-

139 1157 208 1216 tem,
222 1150 423 1226 ingeneratque
441 1149 470 1206 in
491 1151 589 1226 primis
610 1151 785 1227 praecipunm
804 1151 957 1226 quemdam
976 1169 1104 1210 amorem

138 1237 168 1296 in
188 1257 245 1303 eos,
260 1237 309 1312 qui
329 1239 469 1313 procreati
490 1245 565 1303 sunt,
586 1239 771 1314 impellitque,
792 1247 825 1295 ut
845 1240 991 1296 hominum
1011 1247 1104 1298 cretus

139 1333 170 1385 et
190 1326 392 1384 celebrationes
412 1335 441 1384 et
454 1345 524 1394 esse,
540 1334 570 1383 et
583 1345 601 1383 a
614 1345 645 1384 se
659 1328 729 1384 obiri
742 1328 819 1394 velit,
834 1328 872 1385 ob
885 1345 990 1404 easque
1003 1346 1104 1386 causae

139 1415 258 1474 studeat
282 1433 382 1491 parare
406 1433 535 1492 eaquae
559 1416 743 1492 suppeditent
769 1423 799 1473 et
825 1417 863 1474 ad
884 1417 993 1474 cultum
1013 1424 1043 1474 et
1066 1417 1104 1476 ad

139 1504 256 1569 victum,
278 1521 330 1560 nec
351 1503 403 1562 sibi
424 1504 482 1570 acb,
506 1504 557 1561 sed
579 1505 701 1582 conjugi,
723 1505 825 1572 liberis,
847 1505 1012 1582 ceterisque,
1030 1523 1102 1582 quoa

139 1611 220 1652 caros
240 1593 345 1649 habeat
365 1592 493 1669 tuerique
514 1593 626 1651 debeat.
669 1594 741 1661 Quae
762 1613 831 1651 cura
850 1595 1004 1652 exsuscitet
1017 1596 1103 1654 etiam

138 1681 247 1738 animos
271 1688 301 1738 et
323 1681 446 1757 majores
466 1682 503 1738 ad
523 1700 582 1738 rem
603 1683 758 1760 gerendam
778 1683 854 1742 iacit.
896 1685 931 1740 In
950 1684 1135 1761 primisquefi

138 1769 259 1828 bominis
272 1776 316 1826 est
326 1771 441 1847 propria
451 1770 510 1826 veri
522 1770 663 1847 inquisitio
677 1779 763 1848 atque
773 1772 959 1849 investigatio.
1001 1774 1105 1850 Itaque

139 1877 206 1916 cum
219 1877 317 1914 sumus
336 1859 499 1916 necessariis
518 1860 638 1937 negotiis
658 1861 789 1937 curisque
803 1861 893 1928 vacui,
909 1867 971 1918 tum
988 1879 1104 1920 avemus

139 1948 243 2024 aliquid
257 1945 361 2014 videre,
376 1947 484 2014 audire,
499 1949 663 2006 addiscere:
686 1950 931 2026 cognitionemque
945 1969 1039 2007 rernm
1052 1958 1104 2008 aut

139 2038 314 2096 occultarum
325 2045 376 2094 aut
386 2037 591 2095 admirabilium
604 2038 642 2094 ad
656 2039 739 2095 beate
752 2038 904 2095 vivendum
917 2039 1104 2096 necessariam

139 2125 277 2184 ducimus.
318 2126 440 2202 Erquo
467 2126 640 2204 intelligitur,
665 2126 743 2203 quod
771 2145 878 2191 verum,
901 2126 1021 2202 simplex
1048 2127 1103 2184 sin-

139 2234 291 2291 cerumque
311 2216 355 2282 sit,
376 2214 406 2271 id
426 2233 488 2272 esse
515 2223 626 2273 naturae
655 2215 773 2272 hominis
801 2214 987 2290 aptissimum.
1029 2215 1136 2273 Huict

139 2304 199 2363 reri
211 2304 325 2362 videndi
338 2303 487 2380 cupiditati
506 2304 645 2380 adjuncta
658 2311 702 2361 est
715 2303 853 2380 appetitio
873 2301 1007 2378 quaedam
1028 2303 1104 2379 prin·

140 2395 258 2470 cipetus,
273 2401 306 2450 ut
325 2392 428 2450 nemini
449 2409 548 2468 parere
569 2391 679 2448 animus
700 2393 773 2450 bene
793 2391 959 2448 informatus
972 2409 990 2448 a
1003 2399 1105 2450 natura

140 2482 217 2548 velit,
230 2481 282 2539 nisi
303 2481 484 2558 precipienti,
499 2487 550 2538 aut
570 2480 690 2548 docenti,
707 2488 759 2538 aut
781 2480 911 2538 utilitatis
925 2499 1011 2538 causa
1027 2481 1119 2558 juste¹

122 2577 170 2629 ‘et
189 2570 312 2649 legitime
332 2569 497 2646 imperanti:
520 2589 555 2626 ex
575 2588 632 2646 quo
653 2570 820 2647 magnitudo
839 2569 924 2626 animi
943 2569 1039 2626 existit
1051 2568 1104 2627 bu·

139 2679 343 2736 manarumque
365 2677 462 2716 rerum
485 2658 665 2735 contemptio.
706 2658 768 2717 Neo
792 2677 860 2716 vero
883 2657 931 2716 illa
955 2677 1043 2735 parva
1062 2658 1137 2717 visi

139 2757 249 2824 natura
269 2756 313 2806 est
330 2748 510 2825 rationisque,
533 2749 610 2824 quod
631 2768 719 2806 unum
739 2749 794 2806 hoc
808 2748 911 2806 animal
929 2749 1022 2817 sentit,
1037 2748 1106 2825 quid

40 2845 45 2849 ’
140 2839 177 2896 eit
196 2837 274 2904 ordo,
289 2837 358 2914 quid
372 2837 416 2904 sit,
431 2837 509 2914 quod
528 2837 680 2905 deceat,.in
693 2837 775 2895 faede
793 2837 931 2914 dictisque
944 2839 993 2915 qui
1007 2837 1130 2906 modus.⁴

141 2928 244 3004 Itaque
270 2945 369 2984 eorum
395 2927 530 3004 ipsorum,
558 2945 625 3003 quae
653 2934 772 3003 aspectu
803 2926 970 2992 sentiuntur,
995 2926 1105 2982 nullum

140 3017 218 3074 eliud
248 3016 351 3073 animal
382 3016 630 3092 pulchritudinem,
661 3022 850 3081 venustatem,
882 3014 1106 3073 convenientiam

141 3104 265 3184 partium
294 3105 387 3162 scunt.
428 3106 522 3174 Quam
549 3103 758 3162 similitudinem
784 3111 888 3160 natura
913 3103 1042 3180 ratioque
1068 3103 1139 3162 abb

141 3195 230 3253 oculis
250 3192 288 3252 ad
308 3194 432 3250 animum
452 3193 632 3259 transferens,
653 3193 744 3250 multo
764 3192 849 3250 etiam
869 3192 960 3270 magis
981 3192 1106 3270 pulchri·

141 3283 279 3350 tudinem,
293 3283 490 3350 constantiam,
505 3281 632 3339 ordinem
653 3281 681 3338 in
702 3281 822 3339 consiliis
842 3281 980 3357 lactisque
995 3297 1106 3338 conser-

141 3371 268 3428 vandum
288 3376 380 3448 putat,
396 3377 544 3447 cavetque,
559 3370 682 3448 nequid
703 3370 835 3428 indecore
855 3369 1052 3427 effeminateve
1065 3367 1106 3423 fa·

142 3460 214 3526 ciat3
235 3467 297 3518 tum
316 3459 345 3516 in
365 3459 495 3517 omnibus
514 3465 543 3517 et
563 3458 740 3536 opinionibus
760 3465 790 3516 et
808 3458 899 3525 factis,
914 3455 1032 3532 nequid
1046 3453 1107 3510 libi-

143 3549 241 3608 dinose
261 3556 311 3606 ant
331 3547 417 3607 faciat
438 3555 489 3606 eut
513 3548 628 3626 cogitet.
670 3547 781 3616 Quibus
805 3565 841 3604 ex
863 3547 949 3603 rebus
969 3541 1140 3602 conflatunb

143 3644 174 3698 et
200 3637 322 3696 efficitur
346 3637 385 3706 id,
405 3637 484 3716 quod
507 3637 672 3715 quaerimus,
692 3637 861 3696 honestum:
890 3627 978 3708 quodi
997 3629 1109 3700 etiamsi
