2750 4284
510 363 596 400 mnan
610 361 653 400 111.
695 360 761 400 car.
776 362 804 400 x.
1125 337 1163 398 97

148 491 174 550 si
186 492 292 549 habeat
305 491 424 568 sapiens,
439 489 525 548 nihilo
538 490 604 567 plus
625 489 678 546 sibi
690 489 774 546 licere
789 493 871 564 putet
885 503 1012 563 peccare,
1027 503 1115 562 quam

149 581 243 638 sinon
256 581 381 637 haberet.
423 579 551 634 Honesta
564 579 639 634 enim
658 578 737 634 bonis
752 577 825 643 viris,
840 595 896 633 non
910 575 1022 632 occulta
1035 593 1112 650 quae·

149 675 258 726 runtur.
299 669 397 743 Atque
411 668 465 724 hoc
479 667 541 724 loco
555 666 716 742 philosophi
729 665 853 741 quidam,
869 664 980 720 minime
994 664 1061 742 mali
1073 663 1114 720 illi
1128 671 1145 720 5

150 756 272 831 quidem,
282 756 333 813 sed
347 773 403 812 non
416 756 484 811 satis
498 755 583 820 acuti,
596 755 692 812 fictam
706 762 738 815 et,
749 753 974 810 commenticiam
987 752 1113 810 fabulam

151 845 292 921 prolatam
315 844 412 900 dicunt
434 861 452 898 a
473 843 609 899 Platone:
631 843 793 918 quasivero
813 842 868 908 ille,
884 849 935 898 aut
954 841 1063 898 lactum
1084 839 1114 896 id

152 940 287 1000 essesut
304 933 364 989 fieri
385 931 511 1008 potuisse
534 931 677 988 defendat.
717 919 793 988 Haec
814 938 858 989 est
872 931 914 987 vis
933 931 1021 1006 hujus
1039 929 1114 986 cnidi
1129 934 1146 986 6

148 1010 181 1078 ⁸et
202 1022 287 1098 hujus
309 1021 440 1096 exempli,
462 1020 588 1076 sinemo
610 1019 741 1086 sciturus,
760 1037 844 1076 nemo
864 1037 900 1075 ne
920 1019 1115 1094 suspicaturus

151 1110 266 1185 quidem
285 1109 330 1176 sit,
350 1128 416 1165 cum
437 1107 544 1184 aliquid
566 1108 735 1174 divitiarum,
750 1107 893 1183 potentiae,
909 1107 1114 1173 dominationis,

150 1198 271 1256 libidinis
293 1215 379 1254 causa
400 1196 508 1262 leceris,
524 1195 548 1252 si
567 1195 596 1252 id
616 1195 670 1252 diis
691 1196 909 1270 hominibusque
930 1195 1059 1251 futurum
1079 1194 1116 1250 sit

152 1305 264 1362 semper
272 1286 408 1362 ignotum,
418 1284 491 1340 sisne
502 1271 636 1340 facturus.
665 1283 988 1369 Negaptidfieriposse.
1010 1281 1148 1351 Quam-'l
1241 1311 1245 1318 ·

152 1393 238 1451 quam
259 1379 355 1450 potest
368 1373 397 1429 id
411 1371 542 1448 quidem:
564 1372 615 1428 sed
635 1391 741 1447 quaer0,
756 1371 834 1448 quod
854 1379 961 1448 negant
980 1389 1071 1448 posse,
1086 1371 1116 1427 id

152 1464 176 1520 si
189 1469 295 1539 posset,
310 1461 447 1537 quidnam
460 1460 609 1517 lacerent?
651 1461 764 1538 Urgent
783 1460 887 1517 rustice
901 1479 987 1517 sane:
1009 1466 1116 1538 negant
1131 1465 1149 1518 Β

152 1552 228 1609 enim
241 1569 333 1628 posse,
348 1549 419 1606 etin
432 1568 466 1606 eo
480 1555 616 1626 perstent.
658 1549 721 1606 Hoc
735 1549 931 1625 verbumquid
945 1549 1045 1615 valeat,
1060 1567 1116 1606 non

152 1641 256 1698 vident.
299 1639 372 1696 Cum
386 1639 459 1696 enim
481 1638 642 1715 quaerimus,
658 1638 682 1694 si
696 1639 786 1695 celare
801 1639 917 1715 possint,
932 1636 1001 1714 quid
1014 1637 1117 1696 facturi
1131 1643 1149 1698 9

153 1729 216 1795 sint,
226 1747 282 1786 non
295 1727 458 1804 quaerimus,
467 1727 611 1804 possintne
626 1728 735 1794 celare;
750 1727 801 1784 sed
815 1735 962 1803 tamquam
975 1733 1118 1784 tormenta

153 1818 286 1893 quaedam
307 1815 483 1883 adhibemus,
498 1824 539 1883 ut,
554 1816 797 1894 siresponderint,
812 1835 851 1883 se,
866 1816 1036 1893 impunitate
1051 1836 1116 1895 pro·

154 1907 253 1982 posita,
267 1906 391 1963 facturos
405 1904 483 1981 quod
497 1905 638 1981 expediat,
650 1905 822 1963 facinorosos
836 1925 867 1962 se
881 1924 943 1962 esse
956 1906 1115 1964 fateantur:

154 1994 178 2051 si
190 2003 303 2071 negent,
318 1993 412 2051 omnia
425 1994 519 2070 turpia
533 2012 585 2070 per
598 2013 629 2051 se
642 1994 705 2070 ipsa
724 1994 861 2072 fugienda
874 2013 936 2052 esse
951 1994 1115 2053 concedant.

154 2082 214 2140 Sed
224 2083 286 2160 jam
300 2083 338 2140 ad
351 2083 530 2161 propositum
543 2089 727 2140 revertamur.

193 2259 229 2317 X
252 2259 384 2318 Incidunt
407 2259 506 2315 multae
523 2277 601 2334 saepe
615 2277 718 2326 causae,
733 2278 799 2335 quoe
820 2261 989 2318 conturbent
1009 2259 1117 2318 animos

154 2349 282 2406 utilitatis
296 2347 406 2424 specie;
428 2359 495 2414 non,
514 2367 580 2404 cnm
593 2348 648 2404 hoc
662 2347 841 2416 deliberetur,
855 2349 1072 2425 relinquendane
1083 2350 1119 2407 sit

154 2437 288 2494 honestas
302 2441 419 2512 propter
427 2435 555 2493 utilitatis
569 2435 793 2512 magnitudinem
804 2435 883 2514 (nam
896 2437 926 2494 id
940 2437 1055 2514 quidem
1067 2438 1117 2495 im-

155 2527 277 2602 probum
290 2522 346 2602 est)
361 2523 413 2581 sed
433 2523 512 2590 illud,
528 2525 654 2600 possitne
674 2524 711 2592 id,
727 2525 804 2601 quod
819 2525 887 2582 utile
900 2526 1038 2593 videatur,
1060 2527 1119 2584 fieri

154 2633 212 2672 non
225 2614 355 2690 turpiter.
397 2613 471 2670 Cum
481 2613 621 2671 Collatino
631 2614 749 2692 collegoe
760 2615 866 2672 Brutus
876 2615 1023 2692 imperium
1036 2615 1117 2672 ebro·
1133 2621 1150 2674 2

154 2704 253 2780 gabat,
268 2709 381 2780 poterat
395 2702 482 2760 videri
495 2704 588 2760 facere
602 2702 713 2780 injuste.
754 2703 861 2760 Fuerat
874 2704 947 2760 enim
961 2704 990 2760 in
1003 2704 1118 2782 regibus

154 2792 328 2869 expellendis
341 2791 434 2850 socius
448 2792 529 2848 Bruti
542 2792 721 2850 consiliorum
731 2799 760 2850 et
773 2792 896 2870 adjutor.
938 2793 1012 2850 Cum
1022 2801 1119 2852 eutem

155 2882 301 2939 consilium
314 2881 369 2938 boc
383 2881 524 2958 principes
545 2881 695 2958 cepissent,
715 2881 912 2958 cognationem
926 2882 1049 2958 Superbi
1068 2902 1118 2940 no·

154 2988 277 3046 menque
293 2970 507 3046 Tarquiniorum
528 2976 557 3026 et
577 2971 741 3028 memoriam
761 2970 843 3047 regni
863 2989 925 3028 esse
944 2971 1116 3028 tollendam:

154 3059 232 3134 quod
252 3065 313 3115 erat
336 3058 413 3124 utile,
430 3059 529 3135 patriae
550 3059 703 3127 consulere,
718 3059 750 3116 id
770 3066 831 3117 erat
850 3059 890 3116 ita
910 3058 1070 3127 honestum,
1085 3067 1118 3118 ut

155 3147 241 3204 etiam
253 3146 306 3224 ipsi
321 3146 464 3204 Collatino
485 3147 597 3224 placere
617 3147 743 3206 deberet.
784 3148 887 3224 Itaque
907 3149 1012 3206 utilitas
1031 3149 1150 3208 valuite

155 3243 274 3313 propter
293 3235 480 3300 honestatem,
504 3235 563 3292 sine
585 3254 642 3311 qua
664 3256 700 3294 ne
720 3236 826 3294 utilitas
848 3236 963 3313 quidem
983 3257 1046 3296 esse
1067 3258 1117 3317 po-

154 3324 263 3382 tuisset.
304 3324 347 3380 At
360 3324 389 3381 in
399 3343 432 3380 eo
445 3342 523 3400 rege,
538 3325 586 3400 qui
599 3325 700 3384 urbem
713 3326 846 3394 condidit,
858 3345 915 3383 non
928 3327 1004 3388 item.
1046 3327 1117 3405 Spe·
1131 3331 1151 3384 4

155 3413 213 3470 cies
226 3413 300 3470 enim
309 3413 438 3471 utilitatis
451 3411 577 3472 animum
586 3415 695 3492 pepulit
704 3415 784 3493 ejus:
806 3415 851 3473 cui
865 3435 931 3474 cum
941 3416 1032 3474 visum
1043 3423 1119 3474 esset

154 3501 259 3569 utilius,
275 3502 376 3569 solum,
391 3520 477 3578 quam
497 3523 564 3561 cum
578 3503 667 3561 altero
687 3523 814 3581 regnare,
829 3505 947 3561 fratrem
967 3503 1117 3561 interemit.

155 3591 258 3649 Omisit
278 3591 323 3648 hic
344 3600 374 3648 et
394 3591 529 3667 pietatem
550 3599 579 3649 et
599 3593 811 3660 humanitatem,
836 3601 869 3650 ut
890 3592 929 3660 id,
950 3591 1028 3668 quod
1049 3592 1151 3651 utileb

153 3679 312 3750 videbatur,
322 3698 414 3760 neque
427 3689 497 3750 erat,
508 3682 620 3762 assequi
633 3689 746 3759 posset:
768 3689 903 3740 ettamen
916 3681 989 3739 muri
1003 3699 1119 3740 causam
