2648 4288
540 335 577 374 mt
593 335 719 373 ornans

178 465 337 535 nestissime
347 463 489 520 molestias
504 481 587 540 posse
601 462 713 538 deponi,
725 461 748 518 si
761 480 808 518 me
821 461 858 519 ad
873 459 1081 539 philosophiam
1095 481 1142 520 re-

179 554 312 610 tulissem.
356 552 409 610 eui
424 572 489 609 cum
504 552 624 608 multum
638 551 802 609 adolescens
823 551 949 608 discendi
970 569 1054 608 causa
1068 559 1142 608 tem-

179 644 254 719 poris
267 643 436 708 tribuissem,
452 649 638 718 posteaquam
659 640 811 696 honoribus
829 640 963 712 inservire
982 640 1065 716 coepi,
1081 659 1141 697 me·

180 751 234 808 que
250 741 342 788 totum
356 731 396 788 rei
411 731 534 807 publicae
548 729 659 796 tradidi,
675 736 785 786 tentum
800 736 862 786 erat
875 729 1060 805 philosophie
1075 729 1140 797 loci,

178 827 315 896 quantum
329 820 507 896 superfuerat
520 818 674 875 amicorum
687 825 716 874 et
729 819 769 874 rei
783 817 904 894 pubhcae
917 817 1060 895 temporis.
1102 817 1141 876 Id

178 916 274 964 autem
288 927 369 964 omne
384 908 603 964 consumebatur
616 907 645 962 in
657 906 797 984 legendo;
819 906 959 964 scribendi
980 907 1068 964 otium
1082 926 1141 964 non

178 1005 246 1054 erat.
277 998 316 1053 ΙΙ.
332 996 460 1053 Maximis
475 996 562 1073 igitur
575 995 602 1052 in
617 996 697 1053 malis
712 997 766 1053 hcc
776 1003 871 1052 tamen
886 997 952 1053 boni
966 995 1088 1054 assecuti
1098 997 1139 1053 vi·

177 1085 285 1152 demur,
300 1094 333 1142 ut
347 1105 381 1142 ea
395 1085 494 1142 litteris
516 1084 723 1151 mandaremus,
739 1103 803 1161 quae
816 1103 867 1142 nec
882 1092 962 1142 erant
982 1085 1049 1142 satis
1071 1092 1141 1142 nota

146 1176 288 1242 tuostris,
304 1183 333 1232 et
347 1182 427 1232 erant
447 1175 604 1252 cognitione
626 1174 796 1250 dignissima.
839 1174 914 1242 Quid
933 1175 1006 1232 enim
1021 1182 1071 1241 est,
1087 1194 1141 1251 per

178 1265 254 1331 deos,
276 1265 428 1342 optabilius
448 1263 607 1341 sapientia?
628 1263 696 1340 quid
718 1263 924 1340 praestantius?
945 1263 1014 1340 quid
1034 1263 1140 1322 homini

145 1355 301 1423 amelius?
326 1354 394 1431 quid
415 1354 527 1412 homine
547 1353 682 1430 dignius?
713 1353 794 1409 Hanc
815 1353 901 1430 igitur
920 1353 968 1429 qui
990 1361 1138 1430 expetunt,

178 1444 339 1521 philosophi
353 1443 549 1500 nominantur:
570 1461 623 1499 uec
637 1442 787 1518 quicquam
802 1441 879 1498 ahud
893 1449 938 1499 est
950 1442 1138 1519 philosophia,

145 1533 200 1588 4si
223 1532 400 1608 interpretari
420 1531 496 1597 velis,
524 1538 627 1608 praeter
650 1531 776 1588 studium
799 1531 953 1608 sapientiae.
994 1531 1139 1608 Sapientia

178 1628 274 1677 autem
288 1627 340 1686 est,
357 1619 402 1697 (ut
416 1638 433 1676 a
447 1620 588 1677 veteribus
609 1620 784 1697 philosophis
801 1620 954 1680 ”definitum
974 1620 1029 1699 est)
1043 1640 1140 1679 rerum

178 1709 334 1766 divinarum
349 1716 378 1765 et
391 1709 577 1765 humanarum
598 1727 811 1786 causarumque,
826 1711 927 1787 quibus
948 1711 994 1768 hae
1013 1729 1059 1768 res
1073 1731 1137 1768 con-

177 1799 310 1865 tinentur,
325 1798 458 1855 scientia:
474 1798 555 1874 cujus
570 1797 694 1854 studium
708 1799 757 1874 qui
767 1799 917 1875 vituperat,
930 1800 1007 1856 haud
1022 1820 1087 1858 sane
1096 1801 1137 1858 in·

140 1896 163 1952 ,5
178 1887 282 1965 colligo,
298 1887 432 1964 quidnam
448 1887 493 1955 sit,
509 1887 586 1963 quod
600 1887 772 1954 laudandum
794 1896 883 1964 putet.
926 1889 1001 1946 Nam
1016 1891 1073 1948 sive
1087 1892 1136 1948 oh

178 1977 291 2034 lectatio
312 1977 447 2054 quaeritur
467 1977 552 2034 animi
570 1976 738 2054 requiesque
758 1996 905 2044 curarum;
927 1997 992 2055 quae
1018 1980 1138 2038 conferri

178 2085 242 2124 cum
257 2086 354 2124 eorum
365 2066 464 2124 studiis
476 2074 580 2142 potest,
591 2066 639 2142 qui
650 2085 762 2142 semper
772 2067 877 2143 ahquid
890 2068 1048 2143 anquirunt,
1060 2069 1137 2144 quod

177 2164 289 2234 spectet
309 2165 338 2214 et
358 2157 451 2214 valeat
474 2157 511 2213 ad
536 2157 607 2214 bene
631 2157 770 2233 beateque
791 2157 959 2214 vivendum?
984 2158 1042 2214 sive
1067 2159 1137 2216 ratio

179 2247 343 2304 constantias
356 2247 521 2322 virtutisque
544 2244 674 2311 ducitur;
696 2252 748 2301 aut
769 2246 831 2302 haec
852 2265 898 2302 ars
918 2254 969 2313 est,
991 2255 1040 2303 aut
1061 2247 1138 2304 nulla

145 2337 298 2403 domnino,
318 2355 474 2413 perquam
495 2353 542 2391 eas
564 2352 754 2410 assequamur.
797 2334 911 2392 Nullam
935 2335 1027 2394 dicere
1050 2337 1136 2393 maxi·

176 2443 287 2482 marum
312 2445 405 2482 rerum
427 2432 517 2492 artem
538 2443 608 2490 esse,
625 2442 689 2480 cum
709 2423 886 2481 minimarum
906 2425 963 2482 sinc
984 2434 1045 2482 arte
1059 2427 1138 2483 nulla

177 2515 222 2580 sit,
243 2516 388 2571 hominum
409 2523 452 2570 est
478 2533 578 2589 parum
603 2511 778 2569 considerate
802 2513 976 2589 loquentium
999 2522 1084 2591 atque
1107 2515 1137 2572 in

145 2601 304 2662 'lmaximis
328 2603 413 2660 rebus
438 2603 600 2659 errantium,
643 2602 673 2658 Si
693 2610 789 2659 autem
810 2610 855 2659 est
877 2603 970 2679 ahqua
991 2603 1138 2680 disciplina

175 2693 305 2759 virtutis;
326 2693 375 2749 ubi
398 2711 432 2748 ea
452 2699 602 2767 quaeretur,
619 2710 684 2748 cum
704 2691 740 2748 ab
761 2693 816 2750 hoc
837 2692 964 2750 discendi
976 2712 1079 2770 genere
1094 2693 1135 2751 di-

144 2782 331 2840 8scesseris‘l
373 2781 431 2838 Sed
459 2783 529 2846 haec,
556 2801 620 2838 curn
645 2781 682 2838 ad
711 2782 923 2859 philosophiam'
944 2785 1134 2851 cohortamur,

176 2871 333 2928 accuratius
347 2870 486 2947 disputari
499 2871 609 2927 solent:
625 2871 701 2946 quod
716 2872 771 2928 alio
785 2872 909 2947 quodam
923 2873 993 2930 librc
1007 2873 1135 2931 lecimus.

127 2962 241 3025 ¹OHoc
268 2969 363 3017 autem
388 2968 515 3036 tempore
540 2967 650 3016 tantum
674 2961 755 3017 nobis
780 2960 979 3020 declarandum
1000 2962 1062 3028 luit,
1084 2982 1136 3020 cur

176 3051 266 3108 orbati
289 3051 328 3107 rei
349 3051 470 3126 publicae
491 3050 653 3106 muneribus
674 3050 711 3106 ad
732 3051 786 3107 hoc
805 3070 857 3108 nos
878 3051 1003 3108 studium
1024 3052 1134 3128 potissi·

176 3159 254 3196 mum
270 3141 493 3196 contulissemus.
984 3133 994 3144 '

124 3234 161 3288 10
216 3229 379 3286 Occurritur
398 3237 494 3286 autem
516 3229 604 3295 nobis,
626 3230 789 3306 etquidem
810 3249 827 3286 a
848 3230 937 3287 doctis
958 3237 987 3288 et
1008 3231 1132 3298 eruditis,

174 3319 374 3395 quaerentibus,
396 3318 499 3374 satisne
520 3327 681 3378 constanter
701 3321 794 3378 facere
815 3319 968 3386 videamur,
990 3319 1046 3395 qui,
1069 3338 1135 3378 cum

176 3408 281 3485 percipi
296 3407 363 3464 nihil
377 3425 461 3484 posse
476 3407 611 3476 dicamus,
624 3417 718 3466 tamen
732 3418 761 3466 et
775 3409 835 3465 aliis
849 3408 983 3466 derebus
997 3409 1133 3466 disserere
1223 3460 1229 3468 ,

174 3498 323 3564 soleamus,
338 3505 367 3553 et
381 3498 434 3554 hcc
449 3497 510 3573 ipso
525 3505 653 3574 tempore
667 3507 813 3576 praecepta
827 3498 908 3554 officii
922 3517 1131 3574 persequamur.

123 3590 158 3642 11
175 3586 283 3654 Quibus
294 3587 393 3644 vellem
406 3587 473 3643 satis
485 3587 597 3663 cognita
607 3595 682 3644 esset
693 3596 788 3644 nostra
798 3587 944 3644 sententia.
979 3587 1008 3643 N
1009 3605 1046 3645 cn
1059 3587 1133 3644 enim

173 3693 271 3734 sumus
285 3676 312 3742 ii,
323 3695 444 3752 quorum
454 3679 575 3752 vagetur
588 3675 696 3734 animus
707 3695 809 3743 errore,
820 3695 873 3736 nec
883 3677 988 3735 habeat
998 3695 1133 3754 unquam,
