2648 4288
405 398 413 406 .
499 369 586 408 mann
605 368 637 408 ιι.
680 367 746 408 oar.
767 369 820 409 xrr.
1129 358 1171 412 69

149 496 287 556 institutio
301 496 368 556 vitae
390 495 555 574 adjumenta
575 497 722 556 hominum
743 497 893 566 desiderat,
914 497 942 556 in
963 499 1115 577 primisque

150 595 184 644 ut
204 589 317 654 habeat,
332 587 502 663 quibuscum
522 588 611 663 possit
630 587 779 645 familiares
804 588 930 646 conferre
954 607 1113 646 sermones:

150 677 228 752 quod
242 683 286 734 est
300 676 420 742 difficile,
435 675 487 733 nisi
508 675 631 754 speciem
652 696 713 753 prae
726 684 755 734 te
769 678 835 735 boni
849 677 899 735 vin'
912 678 994 736 feras.
1036 679 1114 756 Ergo
1130 684 1147 736 6

151 767 236 824 etiam
249 767 372 824 solitario
386 766 491 824 homini
504 775 589 842 atque
602 766 631 822 in
645 785 714 844 agro
728 767 815 824 vitam
834 768 932 846 agenti
951 767 1045 845 opinio
1067 768 1114 845 ju-

151 857 235 914 stitiae
256 857 412 914 necessaria
435 863 495 912 est:
517 874 608 932 eoque
628 857 714 913 etiam
734 857 833 934 magis,
848 857 925 934 quod
944 876 1008 915 eam
1022 858 1045 914 si
1059 877 1115 916 non

150 945 306 1012 habebunt,
328 945 424 1022 injusti
443 945 633 1011 habebuntur,
654 946 738 1004 nullis
759 946 895 1023 praesidiis
915 947 997 1024 septi,
1019 949 1116 1006 multis

150 1036 305 1092 afficientur
318 1035 433 1112 injuriis
465 1034 563 1110 Atque
577 1034 609 1091 iis
620 1035 713 1101 etiam,
725 1035 774 1111 qui
784 1035 919 1103 vendunt,
931 1044 1037 1104 emunt,
1050 1057 1115 1094 oon·
1131 1037 1147 1095 'l

151 1127 267 1193 ducunt,
283 1126 385 1192 locant,
400 1124 654 1201 contrahendisque
668 1126 787 1202 negotiis
806 1126 994 1203 implicantur,
1006 1127 1117 1204 justitia

150 1215 187 1273 ad
201 1234 262 1273 rem
275 1214 430 1292 gerendam
444 1214 602 1271 necessaria
615 1222 667 1272 est.
710 1215 801 1292 Cujus
815 1223 896 1273 tanta
909 1216 951 1274 vis
965 1224 1018 1283 est,
1034 1224 1067 1274 ιιι
1080 1236 1115 1274 ne
1130 1222 1148 1276 8

150 1305 189 1362 illi
209 1304 333 1381 quidem,
348 1304 396 1381 qui
415 1303 552 1361 maleficio
572 1310 602 1360 et
621 1303 727 1361 scelere
748 1312 912 1381 pascuntur,
927 1305 1036 1381 possint
1057 1306 1116 1364 siue
1221 1315 1229 1326 “

150 1395 210 1452 ulla
223 1394 362 1471 particula
374 1393 492 1470 justitiae
507 1392 609 1451 vivere.
650 1393 726 1450 Nam
740 1394 788 1470 qui
802 1412 901 1451 eorum
922 1394 1052 1470 cuipiam,
1068 1395 1117 1471 qui
1130 1401 1148 1453 9

150 1502 208 1541 una
225 1483 436 1549 latrocinantur,
451 1482 560 1540 furatur
580 1482 686 1558 aliquid
706 1490 756 1540 aut
777 1483 867 1560 eripit,
881 1483 905 1542 is
919 1483 972 1542 sibi
985 1503 1020 1541 ne
1033 1485 1062 1542 in
1076 1485 1116 1541 la-

150 1573 267 1630 trocinio
281 1572 395 1650 quidem
409 1571 538 1647 relinquit
550 1571 654 1630 locum.
696 1572 749 1630 Ille
763 1580 868 1640 autem,
883 1573 932 1650 qui
945 1574 1116 1651 archipirata

151 1662 261 1729 dicitur,
277 1663 330 1720 nisi
343 1661 521 1738 aequabiliter
541 1661 671 1740 praedam
691 1661 847 1739 dispertiat,
863 1671 914 1720 aut
933 1663 1118 1722 interficiatur

151 1751 516 1827 asociis,autrelinquatur.
537 1749 611 1820 Quin
618 1749 704 1808 etiam
711 1750 790 1830 leges
798 1753 1116 1813 latronumessedioun·
1132 1758 1170 1812 10

38 1875 43 1878 -
151 1848 207 1909 tur,
222 1841 324 1919 quibus
339 1848 464 1918 pareant,
480 1860 552 1917 quas
566 1842 725 1900 observent.
768 1844 869 1920 Itaque
890 1851 1008 1922 propter
1022 1863 1116 1921 aequa·
1133 1848 1168 1902 ll

152 1930 236 1989 bilem
258 1931 367 2008 praedae
381 1931 560 2007 partitionem
573 1938 603 1988 et
617 1931 749 2008 Bardylis
769 1933 884 2010 Illyrius
904 1934 986 2001 latro,
1002 1933 1039 1992 de
1059 1953 1118 2010 quo

152 2028 196 2078 est
217 2020 295 2098 apud
318 2021 543 2096 Theopompum,
557 2039 676 2098 magnas
697 2039 767 2097 opes
787 2021 895 2088 habuit,
910 2029 940 2080 et
954 2024 1044 2080 multo
1058 2041 1116 2086 ma·

149 2111 226 2189 jores
240 2110 387 2168 Viriathus
401 2109 561 2176 Lusitanus,
578 2109 623 2167 cui
643 2108 758 2186 quidem
778 2110 863 2167 etiam
877 2111 1016 2169 exereitus
1029 2112 1118 2170 nostri

151 2201 392 2278 imperatoresque
416 2206 580 2256 cesserunt:
601 2217 687 2275 quem
709 2199 741 2256 O.
763 2199 875 2266 Laelius,
891 2200 923 2266 is,
937 2200 987 2276 qui
1007 2202 1119 2278 sapiens

152 2298 315 2367 usurpetur,
332 2297 437 2366 praetor
457 2289 542 2365 fregit
562 2296 591 2345 et
612 2288 783 2355 comminuit,
804 2289 1036 2366 ferocitatemque
1057 2291 1119 2367 ejus

151 2381 192 2438 ita
205 2379 347 2456 repressit,
362 2385 395 2436 ut
408 2378 490 2435 facile
505 2378 611 2436 bellum
625 2377 739 2453 reliquis
759 2378 894 2436 traderet.
937 2379 1012 2436 <lum
1032 2379 1171 2456 igitur12

152 2477 233 2528 tanta
246 2469 288 2524 vis
300 2466 418 2544 justitiae
431 2467 476 2534 sit,
491 2474 525 2524 ut
539 2485 573 2524 ea
586 2467 672 2524 ctiam
686 2467 829 2525 latronum
843 2487 912 2544 opes
926 2468 1019 2526 firmet
1033 2477 1120 2545 atque

153 2565 268 2636 augeat,
283 2563 419 2634 quantam
434 2557 496 2634 ejus
510 2557 566 2613 vim
580 2556 653 2614 inter
672 2556 751 2634 leges
765 2564 795 2614 et
812 2557 919 2634 judicia
933 2566 962 2614 et
975 2558 1005 2615 iu
1018 2558 1119 2616 consti-

153 2655 217 2705 tuta
229 2667 259 2704 re
275 2646 388 2724 publica
400 2646 461 2703 fore
476 2647 633 2723 putamus?
667 2647 736 2704 XII.
759 2647 829 2704 Mihi
843 2647 957 2725 quidem
971 2667 1028 2705 non
1041 2645 1121 2725 apud

153 2737 255 2794 Medos
268 2738 369 2803 solum,
384 2744 417 2793 ut
430 2736 469 2792 ait
484 2735 658 2803 Herodotus,
675 2735 726 2794 sed
741 2737 825 2793 etiam
841 2737 920 2814 apud
935 2738 1057 2815 majores
1071 2757 1120 2795 no-

154 2833 236 2893 stros,
249 2826 366 2903 justitiae
387 2826 515 2884 fruendae
537 2845 622 2883 causa
636 2826 768 2883 videntur
788 2827 855 2883 olim
876 2828 948 2885 bene
962 2828 1064 2885 morati
1078 2846 1121 2885 re·

154 2936 205 2995 ges
219 2916 371 2974 constituti.
406 2914 484 2972 Nam
499 2935 564 2972 oum
579 2924 755 2992 premeretur
768 2915 845 2973 initio
859 2917 1013 2975 multitudo
1027 2919 1064 2975 ab
1079 2918 1120 2986 iis,
1136 2923 1154 2976 2

155 3006 203 3083 qui
216 3007 337 3083 majores
351 3024 420 3082 opes
435 3005 596 3062 habebant:
619 3005 656 3061 ad
670 3024 758 3062 unum
772 3005 895 3081 aliquem
910 3007 1120 3084 confugiebant,
1150 3079 1154 3088 Ι

154 3097 260 3154 virtute
280 3103 485 3173 praestantem:
507 3095 557 3170 qui
579 3113 644 3152 cum
666 3094 829 3170 prohiberet
849 3095 951 3171 injuria
971 3097 1121 3164 tenuiores,

156 3186 291 3262 aequitate
305 3183 503 3242 constituenda
523 3202 648 3240 summos
663 3203 729 3240 cum
742 3183 843 3240 infimis
858 3184 918 3260 pari
936 3185 1002 3261 jure
1022 3186 1122 3244 retine-

155 3275 213 3333 bat.
255 3275 421 3349 Eademque
435 3272 696 3330 constituendarum
711 3273 808 3350 legum
822 3274 877 3331 fuit
891 3293 985 3342 causa,
1000 3295 1066 3352 quae
1079 3295 1121 3334 re-
1137 3282 1155 3333 3

156 3384 233 3442 gum.
265 3365 319 3421 Jus
335 3364 409 3420 enim
424 3381 536 3439 semper
550 3369 594 3419 est
607 3363 759 3438 quaesitunr
774 3364 928 3439 aequabile:
945 3366 1124 3441 nequeenim

156 3454 236 3509 aliter
256 3459 332 3510 esset
353 3453 408 3529 jus.
450 3453 487 3509 ld
501 3452 524 3508 si
538 3452 574 3510 ab
592 3471 649 3508 nno
667 3453 747 3527 justo
761 3460 789 3509 et
804 3453 878 3510 hono
892 3455 951 3510 viro
972 3472 1124 3528 conseque·
1138 3458 1158 3511 4

157 3543 269 3607 bantur,
285 3548 365 3597 erant
379 3561 413 3598 eo
427 3541 558 3598 contenti.
602 3541 676 3598 Cum
691 3541 721 3598 id
734 3542 826 3599 minus
848 3544 1030 3619 contingeret,
1046 3541 1125 3618 leges

158 3639 224 3688 sunt
238 3631 367 3694 inventae,
384 3649 448 3706 quae
469 3651 534 3688 oum
555 3632 684 3688 omnibus
705 3649 818 3707 sempor
838 3649 895 3688 una
918 3642 1004 3707 atque
1025 3631 1126 3688 eadem

158 3739 229 3780 voce
243 3720 433 3796 loquerentur.
474 3721 553 3798 Ergo
567 3721 621 3777 hoc
632 3719 748 3796 quidem
761 3721 944 3796 perspicuum
958 3727 1010 3786 est,
1025 3737 1074 3777 eos
1088 3719 1126 3776 ed
1140 3727 1158 3780 5
