2648 4288
172 357 216 412 80
585 365 623 404 na
644 361 771 404 currens

173 504 209 558 18
224 495 395 556 Inomnibus
407 501 502 552 autem
512 495 641 572 negotiis,
651 493 729 571 prius
739 509 826 569 quam
836 489 1012 569 aggrediare,
1023 487 1207 548 adhibenda

224 593 269 644 est
282 585 452 664 praeparatio
466 584 594 662 diligens.

263 742 358 800 XXII.
380 741 438 799 Sed
459 760 524 798 cum
543 740 669 818 plerique
682 737 861 804 arbitrentur,
876 755 921 794 res
935 737 1050 794 bellicas
1063 735 1202 813 majores

192 837 209 888 2
225 849 295 897 esse,
305 850 390 907 quam
404 831 473 888 urb
483 849 591 896 anas,
605 828 757 885 minuenda
767 833 811 884 est
821 828 885 884 haec
894 827 997 902 opinio.
1017 826 1102 884 Multi
1112 826 1203 883 enim

225 921 300 978 bella
314 939 390 996 saepe
404 920 577 996 quesierunt
596 926 713 994 propter
733 916 831 994 gloriae
851 915 1045 992 cupiditatem.
1087 915 1200 992 Atque

224 1009 253 1066 id
267 1010 297 1066 in
310 1010 420 1086 magnis
434 1008 532 1066 animis
540 1007 719 1084 ingeniisque
739 1005 906 1082 plerumque
920 1005 1074 1082 contingit:
1095 1023 1200 1081 eoque

224 1099 324 1177 magis,
340 1099 363 1155 si
371 1105 443 1156 *sunt
457 1097 494 1154 ad
509 1116 568 1154 rem
582 1085 730 1153 militarem
744 1094 805 1170 apti
818 1101 847 1150 et
861 1094 958 1171 cupidi
977 1095 1118 1151 bellorum
1139 1113 1198 1172 ge-

192 1193 209 1246 3
225 1190 386 1246 rendorum.
425 1188 501 1245 Vere
515 1194 611 1244 autem
631 1185 655 1243 si
668 1184 798 1241 volumus
816 1183 953 1259 judicare,
968 1183 1068 1240 multra
1081 1201 1127 1238 res
1140 1202 1198 1240 ex-

191 1282 210 1334 4
224 1278 342 1336 titerunt
354 1278 472 1335 urbana
484 1277 606 1354 majores
620 1274 807 1348 clarioresque
821 1291 907 1348 quam
921 1272 1038 1329 bellicae.
1080 1272 1197 1340 Quam·

224 1367 266 1426 vis
290 1367 363 1424 enim
387 1366 589 1424 Themistocles
613 1365 677 1442 jure
704 1361 844 1427 laudetur,
866 1368 896 1419 et
922 1361 959 1418 sit
985 1361 1049 1437 ejus
1075 1379 1197 1430 nomen,

224 1475 310 1532 quam
331 1456 450 1524 Solonis,
464 1454 607 1519 illustrius,
623 1455 780 1526 citeturque
798 1451 919 1508 Salamis
933 1450 1093 1509 clarissima
1106 1452 1196 1508 testis

225 1544 357 1610 victorias,
373 1561 437 1618 quea
456 1549 645 1618 anteponatur
666 1541 780 1598 consilio
800 1540 911 1599 Solonis
931 1539 965 1608 ei,
987 1558 1044 1616 quo
1064 1540 1196 1616 primum

226 1631 370 1690 constituit
384 1631 590 1708 Areopagitas:
612 1649 669 1687 non
682 1630 774 1686 minus
789 1629 955 1707 proeclarum
977 1629 1040 1696 hoc,
1055 1647 1143 1706 quam
1159 1630 1196 1688 il-

193 1729 211 1782 5
225 1721 276 1778 lud
294 1719 480 1796 judicandum
496 1726 546 1775 est.
589 1717 666 1776 Illud
680 1718 753 1775 enim
768 1719 855 1776 semel
877 1719 991 1795 profuit,
1006 1719 1061 1776 hoc
1076 1737 1195 1796 semper

227 1809 354 1885 proderit
367 1807 481 1866 civitati.
522 1807 585 1864 Hoc
599 1807 714 1866 oonsilio
728 1808 806 1886 leges
820 1808 1045 1875 Atheniensium,
1060 1809 1115 1866 hoc
1129 1827 1194 1865 ma·

195 1903 213 1956 6
225 1898 320 1975 jurum
342 1897 469 1953 instituta
492 1903 647 1955 servantur.
688 1897 726 1954 Et
750 1897 954 1955 Themistocles
978 1898 1093 1974 quidem
1120 1897 1194 1956 nihil

227 1986 335 2053 dixerit,
346 1987 374 2042 in
388 2004 444 2061 quo
457 1985 518 2063 ipse
532 1987 719 2064 Areopagum
733 1987 894 2064 adjuverit:
916 1993 947 2044 at
960 1987 1006 2044 ille
1020 2006 1095 2054 vere,
1107 1987 1145 2044 ab
1160 2005 1194 2044 se
1302 2043 1303 2064 ,

226 2075 358 2151 adjutum
379 2075 604 2133 Themistoclem.
646 2075 698 2134 Est
719 2076 791 2134 enim
813 2076 919 2134 bellum
939 2083 1054 2154 gestum
1075 2077 1193 2135 consilio

195 2165 212 2223 ’1
227 2171 341 2222 senatus
355 2165 426 2243 ejus,
441 2165 489 2241 qui
502 2177 519 2221 a
533 2165 637 2222 Solone
651 2172 712 2222 erat
725 2165 902 2222 constitutus.
944 2165 1023 2222 Licet
1037 2165 1138 2224 eadem
1154 2166 1193 2224 de

226 2255 368 2312 Pausania
388 2255 592 2332 Lysandroque
614 2254 716 2320 dicere,
732 2273 855 2330 quorum
875 2254 960 2312 rebus
980 2255 1070 2332 gestis
1090 2274 1192 2332 quam·

227 2363 313 2422 quam
336 2344 486 2421 imperium
510 2343 729 2402 Lacedaemoniis
752 2341 927 2421 [dilatatum]
952 2352 1077 2422 putatur,
1093 2352 1193 2403 tamen

226 2453 262 2491 ne
282 2434 395 2491 minima
409 2432 523 2510 quidem
544 2452 579 2490 ex
603 2440 684 2510 parte
707 2431 832 2510 Lycurgi
855 2431 966 2510 legibus
987 2439 1016 2490 et
1036 2433 1193 2512 disciplinae

228 2523 388 2584 conferendi
402 2529 476 2580 sunt.
517 2522 689 2590 Quinetiam
709 2522 746 2578 ob
767 2521 819 2577 has
839 2521 916 2597 ipsas
930 2539 1030 2579 causas
1045 2529 1075 2580 et
1088 2541 1192 2599 paren-

196 2619 213 2670 8
228 2613 312 2670 tiores
326 2613 489 2670 habuerunt
500 2610 649 2675 exercitus,
661 2617 690 2666 at
703 2609 841 2667 fortiores.
883 2610 953 2668 Mihi
963 2611 1078 2687 quidem
1088 2631 1191 2689 neque,

229 2702 322 2778 pueris
344 2699 432 2764 nobis,
448 2699 487 2754 M.
503 2698 628 2754 Scaurus
643 2698 676 2754 Ο.
698 2698 797 2765 Mario,
812 2717 913 2775 neque,
928 2719 994 2757 cum
1014 2719 1193 2760 versaremur

228 2790 257 2846 in
281 2807 311 2846 re
335 2788 458 2864 publica,
474 2786 508 2854 Q.
532 2786 651 2844 Catulus
673 2787 724 2846 On.
745 2787 882 2863 Pompeio
907 2789 1008 2846 cedere
1031 2790 1190 2851 videbatur.

198 2877 314 2938 9Parvi
336 2877 409 2933 enim
429 2882 496 2932 sunt
517 2875 584 2932 foris
604 2893 692 2943 arma,
707 2876 759 2932 nisi
779 2884 822 2933 est
841 2877 987 2934 consilium
1001 2878 1085 2938 domi.
1127 2881 1192 2940 Nec

229 2968 294 3046 plus
308 2965 469 3033 Africanus,
484 2965 633 3042 singularis
652 2972 681 3022 et
694 2965 736 3022 vir
750 2973 779 3022 et
791 2966 954 3043 imperator,
968 2967 997 3024 in
1016 2969 1193 3028 excindenda

229 3056 385 3115 Numantia
402 3054 442 3112 rei
460 3054 583 3132 publicae
596 3055 711 3130 profuit,
725 3073 811 3130 quam
825 3055 925 3112 eodem
938 3047 1068 3133 tempore
1082 3059 1115 3116 P.
1131 3058 1191 3114 Na-

229 3145 287 3202 sica
300 3145 435 3220 privatus,
446 3163 512 3202 cum
522 3144 561 3201 'Ii
576 3145 736 3201 Gracchum
750 3144 897 3202 interemit.
933 3144 1114 3222 Quamquam
1128 3135 1191 3209 haee

229 3234 343 3312 quidem
364 3252 408 3290 res
429 3252 486 3290 nou
507 3233 600 3291 solum
624 3253 660 3290 ex
681 3233 836 3290 domestica
860 3240 905 3293 est
929 3234 1056 3294 ratione:
1077 3237 1191 3315 attingit

230 3324 315 3382 etiam
338 3322 475 3388 bellicam,
490 3322 622 3398 quoniam
636 3323 663 3379 vi
687 3339 830 3398 manuque
850 3323 978 3382 confecta
997 3332 1057 3382 est:
1078 3326 1129 3383 sed
1148 3334 1189 3384 ta-

179 3421 216 3474 10
230 3433 294 3472 men
318 3413 347 3470 id
370 3412 463 3489 ipsum
486 3420 530 3469 est
553 3419 666 3488 gestum
692 3411 805 3468 consilio
832 3413 949 3480 urbano,
974 3413 1032 3472 sine
1057 3415 1189 3473 exercitu.

231 3502 307 3561 Illud
328 3509 423 3558 autem
444 3502 582 3578 optimum
596 3508 647 3568 est,
663 3501 691 3557 in
705 3500 782 3577 quod
795 3501 888 3558 invadi
901 3503 990 3560 solere
1004 3503 1041 3562 ab
1055 3503 1191 3583 improbis

229 3599 260 3652 et
272 3592 372 3652 invidis
386 3592 486 3650 audio:

358 3701 557 3762 cadratam
571 3709 646 3776 tepor,
660 3699 785 3758 amadus
799 3699 895 3758 laureo
910 3701 999 3761 aaut
