2750 4284
186 349 224 404 ab
485 395 487 400 .
599 357 637 398 un
651 355 777 398 orarorrs

237 495 312 548 taret
331 507 362 547 se
375 485 478 555 valere,
492 486 516 545 ei
536 485 656 564 proximi
675 485 797 545 membri
816 485 1008 544 valetudinem
1027 485 1065 544 ad
1086 503 1117 546 se
1137 492 1201 545 tra·

237 578 373 645 duxisset,
385 577 523 636 debilitari
533 584 563 634 et
572 577 684 634 interire
695 583 790 634 totum
801 595 905 653 corpus
915 595 1030 634 necesse
1040 583 1130 634 esset:
1146 577 1200 646 sic,

237 667 261 725 ei
274 687 347 724 unus
361 667 479 744 quisque
492 675 619 724 nostrum
632 667 670 723 ad
684 685 714 723 se
728 665 820 742 rapiat
838 667 989 724 commoda
1003 666 1129 734 aliorum,
1145 666 1200 724 de·

236 757 387 832 trahatque
398 756 474 833 quod
488 756 588 833 cuique
603 755 701 833 possit,
712 755 893 838 emolumenti
907 755 951 812 sui
964 757 1064 833 gratia,
1075 756 1200 812 societas

204 850 223 903 4
237 846 380 903 hominum
395 854 424 903 et
437 845 623 904 communitas
637 852 780 902 evertatur
793 863 907 902 necesse
921 853 972 902 est.
1007 845 1083 902 Nam
1096 845 1149 902 sibi
1161 851 1200 902 ut

159 1003 164 1012 „
237 934 356 1011 quisque
370 935 457 1002 malit,
472 935 549 1012 quod
563 934 600 991 ad
614 952 699 992 usum
712 935 778 991 vitae
793 935 940 1011 pertineat,
954 953 1041 1010 quam
1054 935 1135 992 alteri
1147 953 1198 992 ac·

237 1024 355 1100 quirere,
370 1043 534 1082 concessum
548 1031 600 1091 est,
611 1042 667 1081 non
680 1030 857 1102 repugnante
870 1031 988 1081 nature:
1010 1023 1080 1081 illud
1093 1031 1199 1081 natura

237 1131 294 1170 non
304 1114 419 1190 patitur,
430 1121 464 1171 ut
473 1114 591 1171 aliorum
603 1111 697 1189 spoliis
711 1121 822 1170 nostras
835 1113 994 1180 facultates,
1009 1113 1113 1190 copias,
1124 1131 1197 1189 opes

204 1203 401 1280 tangeremus.
444 1203 545 1279 Neque
560 1222 626 1260 vero
636 1203 691 1260 hoc
705 1201 797 1259 solum
811 1208 921 1269 natura,
935 1201 965 1258 id
985 1207 1029 1259 est
1047 1201 1112 1278 jure
1125 1221 1196 1279 gen-

217 1292 223 1369 :¹
236 1291 315 1360 tium,
330 1292 381 1350 sed
395 1292 479 1350 etiam
492 1293 602 1370 legibus
617 1292 797 1369 populorum,
812 1291 913 1367 quibus
927 1291 955 1348 in
969 1290 1084 1368 singulis
1098 1291 1196 1348 civita·

216 1412 219 1425 v
236 1380 312 1439 tibus
326 1400 371 1438 res
385 1382 499 1458 publica
513 1381 679 1447 continetur,
692 1380 792 1437 eodem
806 1380 892 1437 modo
902 1380 1087 1437 constitutum
1098 1387 1150 1446 est,
1161 1387 1197 1438 ut

204 1473 292 1550 Qon
305 1470 389 1527 liceat
402 1470 445 1526 sui
459 1470 601 1529 commodi
620 1487 706 1527 causa
718 1487 820 1530 nocere
834 1469 922 1527 alteri.
964 1469 1028 1526 Hoc
1042 1469 1115 1527 enim
1129 1489 1195 1546 spc-

236 1565 312 1617 ctant
323 1559 408 1635 leges,
416 1558 469 1615 hoc
476 1559 582 1626 volunt,
593 1559 761 1616 incolumem
774 1577 835 1615 esse
847 1558 948 1615 civium
955 1558 1194 1636 conjunctionem:

236 1665 322 1723 quam
332 1646 380 1721 qui
391 1646 532 1714 dirimunt,
544 1666 592 1704 eos
605 1655 705 1714 morte,
717 1647 807 1714 exilio,
819 1647 924 1715 vinclis,
936 1647 1040 1704 damno
1054 1655 1193 1707 coercent

204 1735 334 1812 'lAtque
357 1735 411 1791 hoc
432 1736 635 1814 multomagis
656 1736 741 1794 efficit
760 1737 822 1812 ipse
842 1743 952 1793 naturae
971 1736 1051 1804 ratio,
1066 1755 1130 1814 quae
1150 1744 1196 1796 est

235 1825 280 1882 lex
294 1825 387 1883 divina
401 1831 430 1882 et
443 1826 575 1892 humana,
591 1825 636 1882 cui
650 1844 749 1902 parere
762 1826 811 1902 qui
825 1826 893 1883 velit
907 1823 1017 1903 (omnes
1031 1834 1127 1908 autem
1142 1846 1194 1904 pa·

235 1916 346 1983 rebunt,
361 1912 408 1993 qui
422 1915 579 1972 secundum
592 1922 723 1972 naturam
732 1915 827 1972 volent
838 1912 943 1992 vivere)
958 1934 1102 1991 nunquam
1117 1935 1194 1972 com-

152 1995 154 2002 ’
234 2003 336 2072 mittet,
352 2013 383 2062 ut
403 2005 525 2062 alienum
545 2010 670 2080 appetat,
687 2004 766 2071 ethi,
782 2004 859 2080 quod
872 2003 952 2061 alteri
966 2004 1125 2071 detraxerit,
1140 2005 1195 2064 sibi

203 2099 220 2151 8
235 2100 367 2151 assumat.
403 2093 514 2150 Etenim
528 2094 618 2150 multo
633 2094 723 2170 magis
734 2100 778 2150 est
788 2093 944 2150 secundum
958 2101 1088 2151 naturam
1102 2095 1193 2152 excel·
1282 2099 1287 2106 '

235 2183 302 2240 sitas
316 2183 400 2242 animi
413 2192 443 2240 et
456 2183 630 2260 magnitude,
646 2182 769 2259 itemque
784 2183 979 2252 communitae,
992 2183 1109 2260 justitia,
1124 2185 1193 2242 libe-

234 2273 338 2341 ralitas,
354 2292 439 2350 quam
459 2272 600 2348 voluptas,
620 2291 705 2348 quem
727 2273 794 2339 vita,
810 2291 895 2349 quam
909 2272 1030 2329 divitiae:
1053 2292 1117 2349 quae
1131 2274 1193 2349 qui·

235 2361 300 2418 dem
315 2372 493 2419 contemnere
507 2368 536 2418 et
550 2381 602 2438 pro
615 2361 700 2418 nihilo
712 2361 824 2428 ducere,
836 2369 1045 2438 comparentem
1061 2381 1125 2418 cum
1139 2363 1193 2420 uti·

202 2455 220 2508 e
235 2450 313 2508 litate
324 2451 474 2517 communi,
485 2451 581 2528 magni
591 2451 675 2507 animi
686 2459 715 2508 et
725 2451 828 2508 excelsi
842 2459 892 2509 est.
929 2451 1086 2508 Detrahere
1097 2459 1193 2509 autem

235 2539 270 2596 de
282 2540 369 2596 altero
380 2540 423 2596 sui
437 2540 577 2597 commodi
589 2559 682 2607 causa,
694 2541 784 2618 magis
795 2547 837 2597 est
849 2547 946 2597 contra
956 2546 1093 2608 naturam,
1105 2560 1192 2616 quam

183 2633 317 2694 lomere,
333 2648 419 2704 quam
434 2629 523 2695 dolor,
538 2647 623 2704 quam
641 2635 733 2686 cetera
754 2629 865 2706 generis
884 2629 1020 2706 ejusdem.
1062 2630 1192 2704 Itemque

233 2717 324 2792 magis
338 2724 381 2772 est
395 2717 551 2773 secundum
564 2723 702 2783 naturam,
720 2737 772 2793 pro
789 2719 916 2776 omnibus
934 2718 1075 2795 gentibue,
1090 2719 1113 2775 si
1133 2719 1192 2776 fieri

233 2805 330 2882 possit,
346 2805 542 2864 conservandis
556 2814 605 2862 aut
616 2806 749 2883 juvandis
764 2807 900 2863 maximos
913 2807 1025 2864 labores
1034 2807 1191 2864 molestias-

233 2911 289 2969 que
313 2893 463 2970 suscipere,
484 2893 641 2951 imitantem
663 2894 816 2952 Herculem
836 2895 924 2962 illum,
939 2914 1025 2972 quem
1045 2896 1191 2954 hominum

232 2983 318 3050 tama,
333 2983 531 3040 beneficiorum
549 3001 666 3049 memor,
681 2983 710 3040 in
729 2983 844 3042 concilio
863 2983 1020 3042 coelestium
1034 2984 1189 3052 collocavit,

234 3091 320 3148 quam
336 3073 430 3130 vivere
445 3073 472 3130 in
487 3072 644 3139 solitudine,
659 3091 715 3130 non
734 3073 819 3130 modo
834 3073 891 3130 sine
905 3073 968 3130 ullis
982 3073 1124 3139 molestie,
1139 3071 1191 3130 sed

233 3161 317 3218 etiam
338 3161 366 3219 in
379 3163 505 3219 maximis
519 3161 721 3238 voluptatibus
736 3161 926 3219 abundantem
947 3161 1076 3219 omnibus
1094 3161 1190 3238 copiis,

182 3255 217 3307 11
234 3257 266 3307 ut
280 3251 399 3306 excellas
414 3251 498 3308 etiam
512 3251 720 3326 pulchritudine
734 3259 763 3308 et
777 3251 888 3308 viribus.
931 3251 1069 3319 Quocirca
1082 3251 1191 3329 optimo

233 3338 351 3415 quisque
373 3345 402 3395 et
425 3339 652 3414 splendidissimo
675 3339 786 3417 ingenio
810 3339 895 3417 longe
916 3340 993 3397 illam
1013 3340 1100 3397 vitam
1125 3340 1190 3397 huic

182 3434 218 3485 12
234 3427 386 3504 anteponit.
427 3427 470 3482 Ex
491 3446 548 3502 quo
569 3426 695 3492 efficitur,
719 3428 861 3485 hominem
882 3435 991 3485 naturae
1013 3428 1191 3486 obedientem

182 3523 217 3574 13
233 3516 338 3574 homini
351 3535 452 3573 nooere
465 3535 520 3575 non
535 3533 625 3590 posse.
661 3515 770 3573 Deinde
785 3517 833 3592 qui
847 3518 967 3574 alterum
979 3517 1073 3583 violet,
1084 3523 1117 3572 ut
1130 3517 1191 3592 ipse

233 3606 338 3682 aliquid
361 3605 500 3662 commodi
523 3611 719 3680 consequatur,
735 3612 786 3662 aut
805 3605 873 3662 nihil
894 3605 1035 3662 existimat
1054 3605 1191 3662 sefacere

233 3701 331 3752 contra
344 3701 474 3752 naturam
485 3712 493 3761 ;
514 3698 564 3750 aut
577 3693 669 3770 magis
682 3692 846 3772 fugiendam
859 3699 955 3751 censet
970 3699 1100 3762 mortem,
1120 3711 1191 3772 pau·
