2648 4288
361 357 447 395 nmen
460 359 479 396 1.
522 357 588 397 cnr.
603 357 727 396 xxxvru.
1014 339 1051 398 47

80 487 206 544 ruliebrem
223 485 326 544 ducere
347 487 492 553 debemus,
508 483 674 564 dignitatem
689 487 805 544 iin'lem.
846 485 925 564 Ergo
939 491 968 542 et
982 492 1032 543 et

80 596 139 634 »rma
159 583 327 634 removeatur
350 577 440 634 omnis
461 577 519 634 viro
539 597 595 634 non
616 576 719 654 dignus
739 582 864 642 ornatus,
884 584 913 632 et
932 575 998 632 huic

80 667 136 724 mile
146 667 233 724 vitium
247 665 274 722 in
288 674 374 743 gestu
387 674 523 742 motuque
538 674 679 724 caveatur.
715 666 791 724 Nam
805 671 834 722 et
848 665 1000 742 palaestrici
1015 671 1032 721 3

80 764 141 814 otus
153 763 211 814 sunt
223 775 300 832 saepe
311 755 471 823 odiosiores,
482 763 512 812 et
526 755 692 812 histrionum
706 755 831 812 nonnulli
845 762 944 832 gestus
958 755 998 812 in·

80 847 129 902 rtiis
147 865 198 902 non
210 853 327 912 vacant;
355 852 385 902 et
404 844 433 902 in
453 853 575 922 utroque
596 864 701 923 genere
715 864 781 922 quae
794 851 860 902 sunt
878 851 956 902 recta
970 851 999 902 et

80 935 175 1012 mplicia
186 935 342 992 laudantur.
383 934 495 992 Formae
509 944 605 992 autem
619 935 743 1012 dignitas
757 935 859 992 eoloris
873 935 998 992 bonitate
1013 937 1031 990 4

80 1025 148 1080 ende
158 1031 212 1091 est;
225 1025 302 1082 color
312 1024 557 1084 exercitationibus
568 1025 702 1102 corporis.
737 1024 914 1082 Adhibenda
924 1043 997 1102 prae·
1013 1031 1030 1082 5
1047 1051 1051 1062 ¹

80 1132 121 1170 rea
133 1113 262 1172 munditia
275 1120 320 1170 est
339 1131 396 1170 uon
409 1113 507 1170 odiosa
520 1133 613 1190 neque
627 1114 767 1190 exquisita
780 1113 870 1181 nimis,
886 1121 999 1174 tantum

80 1222 108 1259 ιω
126 1203 213 1280 fugiat
231 1210 373 1280 agrestem
391 1209 420 1258 et
439 1201 620 1260 inhumanam
639 1203 847 1281 negligentiam.
888 1203 998 1262 Eadem
1013 1209 1031 1262 6

80 1293 113 1348 tio
126 1300 168 1348 est
180 1291 310 1350 habenda
323 1291 460 1357 vestitum
482 1291 511 1347 in
525 1310 590 1368 quo,
606 1291 679 1350 sieut
698 1293 727 1350 in
748 1292 889 1368 plerisque
903 1293 998 1360 rebus,

80 1381 215 1438 ediocritas
229 1381 335 1457 optima
349 1387 401 1438 est.
438 1380 605 1437 Cavendum
619 1391 715 1440 antem
730 1390 782 1448 est,
798 1401 833 1438 ne
847 1389 897 1438 aut
911 1382 997 1438 tardi·
1014 1383 1030 1442 7

80 1472 145 1527 ibus
155 1477 266 1526 utamur
275 1470 304 1527 in
314 1470 443 1547 ingressu
457 1469 638 1536 mollioribus
654 1480 686 1527 ut
700 1489 871 1554 pomparum
885 1471 999 1530 ferculis

80 1561 141 1616 niles
155 1578 214 1616 esse
229 1559 375 1616 videamur
383 1579 391 1626 ;
412 1559 503 1616 autin
517 1559 742 1618 festinationibus
756 1561 943 1638 suscipiamus
957 1562 997 1618 ni-

80 1670 108 1706 ns
123 1649 295 1706 celeritates:
318 1667 383 1726 qnae
397 1669 463 1706 cum
478 1649 557 1715 fiunt,
573 1649 714 1708 anhelitus
728 1659 887 1718 moventur,
901 1652 998 1710 vultus

80 1748 190 1805 itantur,
205 1757 254 1795 ora
274 1746 459 1814 torquentur;
479 1739 632 1816 exquibus
651 1759 756 1818 magna
774 1741 941 1818 significatio
956 1742 996 1808 iit,

80 1851 91 1886 ι
105 1829 203 1886 adesse
217 1829 412 1887 constantiam.
454 1827 511 1886 Sed
532 1829 622 1886 multo
634 1831 727 1902 ,etiam
746 1832 837 1908 magis
851 1832 996 1888 elaboran·
1012 1837 1030 1888 8

80 1940 104 1976 m
119 1926 170 1986 est,
187 1937 224 1976 ne
242 1918 327 1976 animi
344 1926 438 1975 motus
453 1937 470 1974 a
484 1926 585 1976 natura
599 1920 751 1977 recedant:
773 1921 851 1996 quod
865 1940 996 1998 asseque-

80 2029 106 2076 ιτ,
121 2009 144 2066 si
158 2009 329 2075 cavebimus
344 2027 380 2066 ne
393 2008 422 2064 in
436 2009 663 2084 perturbationes
678 2017 764 2086 atque
778 2011 998 2068 examinationes

80 2099 197 2166 idemus,
212 2105 242 2155 et
262 2097 285 2154 si
305 2105 428 2155 attentos
449 2097 556 2154 animoa
575 2097 612 2154 ad
633 2096 742 2155 decoris
757 2099 997 2156 conservationem

82 2189 200 2246 ebimus.
236 2187 335 2246 Motus
349 2193 446 2244 autem
459 2187 617 2244 animorum
628 2187 757 2264 duplices
771 2193 844 2254 sunt,
856 2187 936 2244 alteri
950 2205 996 2244 eo·
1012 2193 1030 2244 9

80 2278 183 2345 ationis,
209 2277 291 2335 alteri
317 2276 471 2354 appetitus.
517 2275 660 2353 Cogitatio
684 2277 712 2334 in
733 2295 800 2334 vero
823 2276 996 2354 exquirendo

80 2368 152 2425 xime
162 2374 307 2424 versatur:
322 2365 466 2442 appetitus
475 2364 594 2442 impellit
602 2365 639 2422 ad
648 2365 801 2442 agendum.
830 2365 997 2424 Curandum

86 2457 183 2534 igitur,
198 2464 232 2513 ut
246 2455 416 2534 cogitatione
427 2453 463 2510 ad
478 2473 523 2510 res
537 2455 758 2532 quamoptimas
772 2462 894 2523 utamur,
909 2475 997 2534 appe·

80 2567 112 2602 m
127 2547 231 2605 rationi
245 2545 425 2604 obedientem
439 2544 625 2622 praebeamus.

80 2726 224 2784 iXXVII.
246 2725 284 2782 Et
304 2724 436 2802 quoniam
456 2742 562 2802 magna
583 2724 624 2782 vis
646 2724 818 2782 orationis
838 2732 890 2793 est,
906 2745 996 2804 eaque
1044 2734 1115 2788 lFf’e'

80 2817 144 2882 ilex,
158 2817 251 2874 altera
262 2815 456 2880 contentionis
467 2814 556 2870 altera
567 2815 718 2873 sermonis:
734 2816 876 2873 contentio
886 2816 996 2894 discep-

80 2905 183 2963 onibns
206 2905 348 2962 tribuatur
365 2903 545 2981 judiciorum,
561 2904 734 2971 concionum,
749 2913 883 2972 senatum
904 2925 997 2964 sermo

80 2995 188 3062 ireuliS,
201 2993 448 3071 disputationibus
461 2994 704 3070 congressionibus
715 2994 893 3052 familiarium
902 3013 995 3052 verse-

100 3091 246 3160 sequatur
266 3083 351 3140 etiam
373 3081 507 3140 convivia.
550 3083 742 3139 Contentionis
765 3090 910 3160 praecepta
931 3085 1027 3142 rho-2

80 3194 118 3230 nn
130 3180 221 3240 sunt;
236 3173 314 3230 nulla
325 3170 474 3229 sermonis:
487 3185 662 3248 'quamquem
672 3171 750 3228 haud
765 3173 822 3230 scio
836 3191 872 3229 en
887 3173 996 3250 possint

80 3282 219 3340 ¹quoque
230 3281 300 3320 esse.
336 3261 394 3318 Sed
405 3260 573 3318 discentium
584 3261 683 3318 studiis
698 3262 876 3320 inveniuntur
891 3265 995 3342 magis·
1011 3271 1028 3321 3

94 3353 167 3410 huic
180 3360 282 3409 autem
292 3351 341 3428 qui
354 3350 497 3418 studeant,
509 3359 574 3408 sunt
588 3351 673 3418 nulli;
694 3353 840 3410 rhetorum
854 3355 939 3412 turba
952 3373 995 3411 re-

80 3462 91 3499 a
114 3442 227 3500 omnia.
271 3441 458 3518 Quamquam,
478 3460 544 3519 quae
563 3442 715 3499 verborum
736 3443 995 3518 sententiarumque

80 3539 172 3609 cepta
189 3538 268 3597 sunt,
283 3532 383 3588 eadem
394 3532 434 3594 ‘ed
449 3550 606 3590 sermonem
626 3531 814 3608 pertinebunt.
856 3531 914 3587 Sed
929 3549 995 3586 cum
1010 3533 1028 3586 4

80 3622 158 3679 ionis
170 3620 298 3678 indicem
308 3640 405 3678 vocem
416 3623 572 3679 habeamus
582 3640 588 3686 ;
603 3620 631 3676 in
641 3639 710 3676 voce
721 3627 816 3677 antem
827 3619 884 3675 duo
895 3636 995 3694 sequa·
1091 3621 1093 3626 '

80 3755 87 3780 ‚
105 3718 143 3769 ut
166 3710 251 3770 clara
269 3709 313 3777 sit,
328 3716 360 3766 ut
374 3711 485 3770 suevis:
507 3717 659 3786 utrumque
674 3708 787 3764 omnino
800 3725 818 3764 a
829 3713 931 3764 nature
945 3725 996 3784 pe·
