2750 4284
541 386 626 424 arana
640 385 682 424 111.
724 386 790 426 ose.
805 387 875 426 ivn.
1169 375 1225 430 lot

212 527 286 568 nou
295 529 327 570 a,
359 512 399 572 Μ.
411 511 483 570 Cato
494 475 661 572 sententiam
670 514 748 580 dixit,
759 515 846 592 hujus
859 514 947 572 nostri
956 514 1071 572 Catonis
1082 521 1171 592 pater.
1187 521 1205 574 6

213 599 254 657 Ut
267 602 339 658 enim
361 603 444 659 ceteri
467 622 502 659 ex
524 604 659 679 patribus,
675 605 714 660 sic
729 604 782 670 hic,
797 605 846 680 qui
865 604 934 660 illud
954 604 1050 660 lumen
1070 623 1172 682 proge-

212 690 282 756 nuit,
297 709 331 747 ex
345 691 401 748 filio
415 699 459 748 est
472 692 666 749 nominandus.
708 693 738 749 Is
758 693 844 770 igitur
854 693 944 768 judex
958 693 997 749 ita
1011 694 1171 769 pronuntia·
1186 693 1204 752 'l

212 779 259 844 vit,
276 799 341 836 cum
354 780 382 837 in
397 780 545 837 vendendo
559 799 619 837 rem
639 799 701 838 eam
721 781 827 847 scisset,
842 790 871 838 et
884 801 942 838 non
955 783 1171 858 pronuntiasset,

211 869 334 943 emptori
349 869 484 926 damnum
504 869 633 946 praestari
646 879 784 945 oportere.
826 870 904 947 Ergo
916 870 954 928 ad
967 871 1054 928 fidem
1067 873 1172 932 bonam

211 957 310 1014 statuit
333 959 481 1033 pertinere,
504 967 604 1015 notum
627 977 689 1014 esse
711 959 833 1034 emptori
852 959 960 1026 vitium,
975 961 1051 1036 quod
1076 968 1172 1018 nosset

210 1047 347 1103 venditor.
390 1047 473 1115 Quod
496 1048 615 1104 sirecte
634 1048 780 1123 judicavit,
802 1067 858 1106 non
878 1056 953 1105 recte
973 1049 1203 1108 frumentariusss

210 1135 264 1202 ille,
293 1154 350 1192 non
376 1144 452 1192 recte
481 1135 584 1192 edium
611 1136 801 1211 pestilentium
826 1138 956 1194 venditor
975 1139 1071 1196 tacuit.
1113 1139 1172 1196 Sed

211 1224 374 1299 hujusmodi
400 1215 552 1280 reticentiae
577 1225 642 1300 jure
670 1225 743 1280 civili
770 1244 868 1282 omnes
890 1227 1095 1303 comprehendi
1114 1245 1171 1284 nou

211 1321 346 1388 possunt:
368 1331 431 1388 quae
452 1321 548 1369 autem
570 1320 696 1389 possunt,
712 1312 861 1389 diligenter
874 1321 1013 1373 tenentur.
1055 1315 1095 1372 M.
1110 1315 1171 1372 Ma·
1192 1321 1210 1374 9

210 1401 268 1458 rins
291 1401 480 1467 Gratidianus,
503 1402 679 1477 propinquus
701 1409 804 1467 noster,
820 1401 852 1458 O.
875 1401 975 1479 Sergio
989 1403 1085 1459 Oratae
1105 1422 1170 1460 ven-

210 1490 321 1548 diderat
336 1490 410 1546 aedes
424 1509 480 1557 eas,
493 1509 563 1566 quas
577 1491 613 1547 ab
627 1490 728 1547 eodem
742 1490 803 1566 ipse
817 1491 914 1567 paucis
925 1499 991 1548 ante
1004 1492 1083 1548 annis
1097 1511 1171 1550 eme·

209 1589 262 1637 rat.
312 1580 361 1636 Eae
388 1580 562 1636 serviebant:
598 1581 649 1637 sed
677 1581 733 1637 hoc
761 1581 789 1636 iu
822 1581 962 1658 mancipio
989 1583 1095 1639 Marius
1115 1601 1172 1640 non

210 1669 326 1727 dixerat.
362 1668 499 1725 Adducta
509 1669 594 1725 resin
601 1669 739 1746 judicium
748 1676 799 1727 est.
829 1670 947 1728 Oratam
959 1671 1170 1739 Crassus,Gra-
1186 1677 1224 1729 10

209 1757 346 1814 tidianum
360 1758 530 1815 defendebat
544 1758 695 1815 Antonius.
736 1758 790 1815 Jus
806 1758 926 1816 Crassus
946 1761 1076 1837 urgebat,
1093 1760 1170 1836 quod

209 1847 266 1903 vitii
280 1847 409 1904 venditor
421 1865 477 1902 non
491 1846 606 1902 dixisset
619 1847 718 1911 sciens,
730 1845 759 1902 id
770 1855 902 1922 oportere
917 1849 1061 1923 praestari:
1085 1849 1170 1925 tequi—
1252 1887 1255 1892 -

209 1942 298 1992 tatem
324 1936 474 2000 Antonius,
504 1936 636 2010 quoniam
663 1935 692 1990 id
713 1935 812 1992 vitium
840 1935 971 2012 ignotum
991 1937 1094 2014 Sergio
1114 1955 1172 2007 non

209 2025 316 2091 luisset,
331 2025 379 2100 qui
400 2025 461 2080 illas
475 2023 551 2080 redes
566 2024 747 2089 vendidisset,
764 2024 832 2080 nihil
855 2024 942 2080 fuisse
964 2043 1079 2082 necesse
1099 2025 1170 2083 dici:

209 2131 260 2170 nec
275 2132 340 2170 eum
354 2131 415 2170 esse
430 2112 590 2188 deceptum,
606 2112 654 2187 qui
669 2112 706 2177 id,
719 2110 796 2187 quod
810 2119 926 2178 emerat,
940 2131 998 2187 quo
1009 2113 1074 2188 jure
1087 2122 1170 2182 esset,

209 2209 326 2258 teneret.
368 2201 496 2268 Quorsus
518 2201 601 2258 hac?
632 2209 665 2256 ut
688 2200 758 2256 illud
780 2200 930 2277 intelligas,
953 2219 1010 2256 non
1032 2202 1171 2278 placuisse
1187 2209 1222 2264 11

210 2290 365 2366 majoribus
378 2290 481 2346 nostris
495 2297 613 2345 astutos.

250 2467 347 2524 XVII.
369 2465 427 2523 Sed
441 2465 521 2522 aliter
534 2466 621 2542 leges,
636 2465 718 2522 aliter
739 2465 900 2542 philosophi
920 2467 1025 2524 tollunt
1045 2468 1193 2528 astutias*
1210 2477 1259 2544 ,w

210 2556 311 2633 Leges,
326 2563 464 2631 quatenus
478 2573 564 2612 manu
577 2561 672 2610 tenere
693 2564 827 2629 possunt;
849 2555 1017 2632 philosophi,
1032 2565 1172 2632 quatenus

129 2675 134 2686 ·
210 2646 318 2702 ratione
340 2652 369 2701 et
392 2642 583 2720 intelligentia.
625 2643 709 2700 Ratio
729 2662 797 2719 ergo
820 2645 955 2719 postulat,
971 2645 1088 2722 nequid
1106 2646 1170 2704 iusi-

211 2735 297 2800 diose,
318 2752 354 2790 ne
375 2732 443 2808 quid
468 2733 606 2798 simulate,
623 2751 658 2788 ne
678 2732 747 2807 quid
771 2732 915 2790 fallaciter.
957 2734 1067 2791 Suntne
1087 2735 1204 2812 igiturt

210 2824 316 2881 insidiae
337 2823 452 2880 tendere
467 2823 576 2898 plagas,
591 2821 700 2878 etiamsi
720 2821 892 2880 excitaturus
906 2842 963 2880 non
983 2823 1020 2880 sis
1041 2842 1093 2882 neo
1113 2825 1171 2902 agi-

210 2913 344 2970 taturus?
386 2913 460 2987 Ipsae
483 2911 557 2968 enim
575 2910 642 2966 serre
658 2911 921 2986 QsQnm
940 2931 1016 2989 saepe
1036 2912 1171 2971 incidunt.

211 3002 257 3058 Sic
282 3010 314 3057 tu
336 3001 411 3057 redes
432 3000 599 3076 proscribas,
620 3000 757 3065 tabulam,
780 3007 927 3076 tamquam
948 3002 1057 3078 plagas,
1073 3021 1171 3077 ponas,

212 3090 328 3147 domum
349 3088 546 3166 propteruitia
560 3088 674 3154 vendas,
689 3089 717 3144 in
731 3107 795 3144 eam
809 3088 909 3164 aliquis
929 3089 1054 3146 incurrat
1067 3090 1171 3165 impru-

212 3178 304 3236 dens?
339 3179 403 3250 Hoc
412 3195 586 3253 quamquam
596 3177 677 3234 video
689 3187 806 3252 propter
814 3177 1045 3253 depravationem
1055 3197 1171 3236 consue-
1187 3185 1204 3237 3

212 3267 316 3324 tudinis
333 3286 428 3342 neque
441 3284 520 3322 more
540 3273 624 3341 turpe
643 3265 749 3332 haberi,
764 3285 855 3342 neque
869 3275 920 3323 aut
933 3267 996 3344 lege
1010 3268 1110 3324 sanciri
1123 3275 1173 3324 aut
1229 3339 1235 3352 Ι
1291 3336 1294 3351 Ι

209 3356 372 3434 jureoivili:
388 3354 879 3431 tamennatmaelegesanmjunest.
910 3356 1037 3412 Societas
1045 3363 1090 3412 est
1100 3356 1207 3412 enim4
1223 3381 1245 3404 υ
1262 3377 1276 3432 ,τ

213 3443 302 3523 (quod
327 3444 380 3502 etsi
403 3462 479 3519 sepe
500 3443 608 3500 dictum
628 3451 680 3507 est,
696 3443 848 3500 dicendum
870 3452 965 3500 tamen
990 3451 1033 3500 est
1057 3442 1173 3521 saepius)

212 3533 347 3590 latissime
366 3533 481 3608 quidem
501 3550 565 3608 quae
588 3539 693 3608 pateat,
709 3531 854 3588 hominum
876 3533 949 3590 inter
970 3531 1113 3596 homines;
1134 3531 1174 3587 in·

213 3623 297 3680 terior
317 3641 422 3687 eorum,
437 3621 486 3697 qui
506 3621 636 3698 ejusdem
656 3621 750 3697 gentis
770 3629 854 3686 suut;
875 3620 991 3696 propior
1004 3638 1111 3685 eorum,
1126 3619 1176 3695 qui

213 3711 342 3790 ejusdem
355 3710 482 3769 civitatis.
523 3711 624 3786 Itaque
646 3710 769 3786 majores
783 3706 860 3766 aliud
878 3709 927 3785 jus
946 3707 1082 3785 gentium,
1097 3707 1207 3768 aliud5
