2750 4284
144 335 201 392 102
556 345 595 386 nl
616 343 744 388 ormena

192 478 233 536 ita
245 475 282 534 de
301 475 422 534 utilitate
435 473 545 540 dicitur,
561 479 593 531 ut
613 472 651 540 id,
666 473 744 549 quod
757 471 827 531 utile
840 470 979 541 videatur,
993 491 1049 532 non
1069 472 1162 532 modo

193 567 285 624 lacere
299 567 449 622 honestum
463 565 508 628 sit,
524 563 575 620 sed
590 563 684 629 etiam,
700 563 872 630 nonfacere,
886 569 980 638 turpe.
1025 564 1097 621 Haeo
1111 571 1162 622 est

192 655 248 721 illa,
264 673 329 731 quae
344 654 456 711 videtur
476 653 589 710 utilium
608 652 668 710 fieri
688 671 754 710 cum
767 652 892 710 honestis
916 671 994 728 saepe
1008 653 1158 710 dissensio.

142 749 179 802 10
194 745 263 812 Qum
278 742 459 819 dijudicanda
473 749 547 799 sunt.
589 741 657 798 Nou
678 742 763 807 enim,
786 749 820 799 ut
841 759 1044 817 quaereremus,
1065 759 1157 820 expo·

141 836 177 892 11
193 832 307 896 suimus,
329 831 380 888 sed
398 839 431 887 ut
453 831 666 906 explicaremus.
708 831 775 888 Non
793 830 882 908 igitur
897 830 1010 890 videtur
1022 848 1075 888 nec
1095 832 1158 888 fru-

191 920 345 978 mentarius
367 919 413 976 ille
428 919 565 985 Rhodios,
581 937 632 976 neo
654 919 699 976 bio
723 920 827 977 aedium
840 919 971 977 venditor
984 920 1075 977 celare
1097 939 1157 977 em-

192 1017 289 1086 ptores
297 1009 436 1066 debuisse.
459 1009 560 1083 Neque
570 1009 645 1065 enim
658 1007 687 1064 id
699 1017 744 1066 est
755 1008 856 1075 celare,
871 1008 1004 1084 quicquid
1018 1009 1155 1067 reticeas:

191 1097 243 1155 sed
256 1117 331 1164 cum,
346 1098 423 1174 quod
444 1105 477 1154 tu
498 1098 577 1164 scias,
592 1097 621 1154 id
642 1097 773 1174 ignorare
796 1098 983 1156 emolumenti
1005 1098 1049 1155 tui
1070 1117 1158 1156 carisa

141 1192 178 1245 12
193 1188 260 1244 velis
273 1205 330 1254 eos,
343 1205 466 1264 quorum
476 1187 585 1244 intersit
597 1185 626 1243 id
640 1186 720 1244 scire.
756 1187 820 1244 Hoc
833 1193 930 1244 autern
945 1187 1055 1244 celandi
1064 1205 1157 1264 genus

192 1277 274 1353 quale
289 1277 333 1343 sit,
348 1284 377 1334 et
391 1277 473 1354 cujus
487 1275 615 1342 hominis,
626 1275 689 1350 quis
702 1294 759 1334 non
769 1276 867 1334 videt?
890 1277 976 1334 Certe
985 1294 1043 1333 non
1053 1277 1154 1353 aperti,

191 1384 247 1422 nou
262 1366 403 1442 simplicis,
418 1384 474 1422 non
493 1364 616 1442 ingenui,
631 1383 688 1420 non
705 1365 785 1442 justi,
800 1384 856 1422 non
870 1365 922 1422 viri
942 1366 1026 1424 boni:
1050 1365 1157 1424 versuti

191 1455 296 1530 potius,
316 1454 437 1520 obscuri,
452 1455 549 1518 astuti,
570 1453 686 1520 fallacis,
707 1454 845 1519 malitiosi,
861 1453 962 1522 callidi,
977 1456 1155 1524 veteratoris,

190 1543 269 1598 vafri.
311 1541 383 1598 Haec
403 1548 455 1608 tot,
478 1550 508 1599 et
527 1543 582 1599 alia
602 1543 694 1619 plura,
717 1561 809 1601 noune
829 1543 926 1602 inutile
952 1549 998 1601 est
1020 1544 1156 1602 vitiorum

191 1630 285 1686 subire
299 1629 436 1686 nomina?

230 1805 312 1864 XIV.
335 1805 443 1874 Quodsi
452 1806 639 1883 vituperandi,
647 1809 696 1884 qui
704 1808 884 1876 reticuerunt,
892 1807 960 1884 quid
971 1807 1155 1873 deiisau'sti·

191 1894 328 1952 mandam
347 1902 399 1961 est,
419 1895 467 1972 qui
488 1895 685 1954 orationis
706 1898 917 1956 vanitatem
941 1898 1154 1958 adhibuerant?

159 1989 176 2042 2
193 1983 225 2042 Ο.
244 1984 356 2050 Oenius,
371 2003 459 2061 eques
473 1985 627 2054 Romanus,
642 2005 694 2044 nec
707 1987 854 2053 infacetus,
868 1993 898 2044 et
913 1987 982 2044 satis
1003 1987 1153 2056 litteratus,

191 2091 257 2130 cum
271 2091 301 2130 se
316 2073 473 2151 Syracusas
487 2075 599 2141 otiandi,
615 2066 649 2132 ιιιΙ
667 2076 728 2152 ipse
748 2075 842 2134 dicere
862 2075 980 2142 solebat,
995 2095 1053 2132 nou
1066 2094 1153 2154 nego-

191 2160 279 2220 tiandi
293 2181 385 2230 causa,
396 2165 568 2231 contulisset,
580 2165 735 2230 dictitabat,
747 2182 778 2221 so
793 2164 924 2222 hortulos
938 2165 1046 2241 aliquos
1059 2183 1154 2224 emere

190 2252 271 2318 velle,
286 2271 344 2328 quo
363 2253 481 2310 invitare
503 2254 617 2320 amicos,
632 2259 661 2310 et
675 2253 724 2310 ubi
738 2271 769 2310 se
783 2253 925 2312 oblectare
939 2253 998 2310 sine
1016 2253 1149 2330 interpel-
1242 2259 1249 2271 '

159 2339 326 2398 sutonbus
346 2348 450 2418 posset.
492 2342 576 2410 Quod
589 2362 655 2399 oum
669 2341 898 2418 percrebruisset,
913 2342 1038 2418 Pythius
1051 2343 1079 2400 ei
1091 2343 1152 2419 qui·

190 2429 265 2496 dam,
281 2431 329 2506 qui
347 2430 535 2508 argentariam
554 2430 661 2488 laceret
683 2430 839 2506 Syracusis,
854 2430 967 2487 venales
987 2431 1101 2507 quidem
1121 2450 1153 2490 se

189 2517 288 2576 hortos
302 2538 358 2576 non
371 2520 484 2585 habere,
500 2520 552 2576 sed
571 2520 655 2577 licere
668 2519 712 2576 uti
725 2519 822 2584 (lanio,
838 2518 861 2576 si
875 2518 968 2584 vellet,
983 2524 1017 2576 ut
1030 2519 1103 2576 suis:
1123 2527 1153 2578 et

191 2606 274 2664 simul
295 2609 332 2664 ad
354 2625 464 2665 omnam
485 2608 628 2664 hominem
648 2608 677 2664 in
698 2607 936 2665 hortosinvitavit
956 2607 1152 2684 inposterum

157 2699 177 2752 4
191 2694 274 2752 diem.
316 2697 389 2752 Oum
410 2697 457 2752 illa
478 2696 660 2770 promisisset,
675 2704 737 2754 tum
750 2696 881 2773 Pythius,
896 2696 945 2772 qui
963 2702 1046 2763 esset,
1062 2705 1095 2754 ut
1107 2715 1151 2754 sr-

190 2783 342 2860 gentan'us,
358 2783 435 2858 apud
457 2801 555 2840 omnes
579 2785 691 2842 ordines
714 2785 868 2862 gratiosus,
890 2785 1044 2862 piscatores
1063 2785 1101 2843 ad
1119 2804 1152 2844 se

190 2871 364 2938 convocavit,
378 2877 408 2928 et
421 2872 459 2928 ab
473 2872 517 2928 his
531 2873 638 2948 petivit,
653 2880 765 2930 utente
779 2892 846 2932 suos
866 2874 994 2932 hortulos
1015 2874 1151 2950 postridie

158 2960 381 3038 apiscerentur:
403 2959 538 3037 dixitque,
559 2961 627 3039 quid
649 2979 698 3018 eos
718 2962 811 3020 lacero
832 2962 926 3020 vellet.
967 2962 1019 3020 Ad
1038 2981 1151 3022 coenam

189 3056 318 3126 tempore
331 3051 408 3108 veuit
422 3051 542 3109 Oenius:
564 3051 680 3129 opipare
701 3069 719 3108 a
740 3050 845 3127 Pythio
867 3059 1037 3128 apparatum
1058 3051 1151 3110 conri-¹

190 3137 281 3195 mum:
297 3140 462 3213 cymbarum
470 3147 535 3197 ante
544 3139 819 3198 oculosmultitudo:
835 3141 1063 3216 prosequisque,
1073 3139 1151 3217 quod

190 3233 313 3303 ceperat,
336 3227 489 3284 afferebat:
511 3235 577 3286 ante
597 3229 686 3304 pedes
705 3229 802 3304 Pythii
823 3229 915 3305 pisces
935 3229 1150 3305 abjiciebantur.

158 3316 262 3374 dTum
277 3313 388 3381 Oenius,
404 3316 515 3383 Quaeso,
530 3317 628 3392 inquit,
644 3315 771 3393 quidest
791 3318 854 3383 hoo,
868 3318 978 3394 Pythi?
1000 3325 1150 3376 tantumne

189 3405 316 3482 piscium,
324 3410 471 3462 tantumne
480 3405 667 3481 cymbarum?
695 3405 733 3461 Et
742 3405 797 3472 ille,
808 3406 1015 3474 Quidmirum‘?
1042 3406 1149 3482 inquit;

189 3496 244 3553 hoc
265 3496 328 3555 loco
350 3500 401 3561 est,
417 3493 566 3570 Syracusis
580 3491 714 3568 quioquid
734 3501 779 3552 est
801 3495 935 3572 piscium:
958 3496 1003 3552 hic
1018 3495 1148 3571 aquatio:

189 3583 244 3642 hae
252 3586 318 3643 villa
329 3584 375 3642 isti
385 3601 481 3640 carere
494 3601 550 3641 non
564 3589 690 3659 possrmt
731 3583 867 3642 Incensus
878 3583 984 3642 Oenius
994 3583 1149 3660 cupiditate

158 3669 333 3730 tooure-⁴³⁴
348 3691 361 3704 ⁰
378 3672 493 3739 Maio,
507 3678 542 3730 ut
553 3671 697 3732 venderet.
740 3664 865 3730 Grarato
877 3671 925 3730 illa
938 3671 1038 3748 primo.
1073 3670 1150 3742 Quid
