2750 4284
558 392 644 430 mssa
663 389 707 432 111.
749 390 816 431 ose.
837 391 903 431 xrm
1184 381 1241 436 101

229 517 426 594 Respondebit
446 519 589 596 Diogenes
608 520 729 576 fortasse
750 519 806 576 sio:
828 519 917 577 Aliud
931 526 976 577 est
998 519 1100 588 celare,
1115 520 1226 580 aliud8

229 613 323 664 tacere
335 627 342 674 ;
363 625 524 684 nequeego
538 625 612 665 nune
624 616 652 665 te
666 609 736 674 oelo,
752 609 775 664 si
788 609 839 665 tibi
852 628 909 666 non
923 610 996 676 dieo,
1011 629 1077 686 quae
1090 618 1193 668 natura

230 695 348 752 deorum
361 696 405 762 sit,
421 696 470 771 qui
483 696 520 752 sit
540 696 601 753 finis
624 697 771 763 bonorum,
786 716 852 773 quae
872 698 923 755 tibi
945 699 1010 775 plus
1025 699 1194 775 prodessent

129 793 131 797 '
229 785 350 860 cognita,
365 803 453 860 quarn
473 785 558 842 tritioi
570 786 671 842 vilitas.
713 785 771 842 Sed
785 805 851 853 non,
873 787 1008 863 quioquid
1022 788 1074 845 tibi
1094 788 1192 846 audire

228 873 296 930 utile
320 881 372 941 est,
393 873 422 930 id
443 874 512 931 mihi
532 874 625 932 dicere
646 893 762 932 neeesse
782 884 833 932 εει.
876 877 969 933 Ιιιιιιιο
989 895 1065 943 vero,
1085 877 1224 953 inquieti)

227 961 282 1028 ille,
298 981 412 1020 neeesse
426 969 478 1030 est,
494 964 518 1020 si
531 964 646 1039 quidem
661 964 817 1030 meministi,
833 983 895 1022 esse
908 965 981 1022 inter
995 966 1122 1024 homines
1141 985 1190 1022 na·

227 1059 291 1108 ture
304 1053 485 1129 conjunctam
499 1053 673 1110 sotietatem.
715 1053 839 1120 Memini,
850 1054 957 1130 inquiet
970 1054 1035 1112 ille:
1057 1055 1108 1113 sed
1122 1073 1191 1113 num
1207 1060 1244 1113 10

226 1140 280 1196 ista
293 1141 413 1198 societas
428 1142 491 1198 talis
506 1150 557 1207 est,
574 1152 606 1198 ut
620 1142 688 1198 nihil
703 1161 786 1198 suurn
807 1142 975 1218 cujusquam
996 1143 1056 1200 sit?
1077 1144 1153 1220 quod
1168 1143 1193 1201 si

226 1229 266 1286 ita
279 1236 331 1295 est,
346 1248 381 1286 ne
395 1230 576 1287 vendendum
591 1230 705 1306 quidem
719 1231 870 1306 quiequam
884 1238 937 1298 est,
952 1231 1003 1288 sed
1017 1231 1190 1290 donandum.

226 1315 311 1375 XIII.
333 1317 423 1374 Vides
437 1319 465 1374 in
478 1319 533 1375 hae
547 1326 607 1375 tota
626 1319 830 1394 disceptatione
850 1338 906 1376 non
925 1319 996 1376 iilud
1011 1320 1075 1386 diei,
1091 1339 1190 1396 quam·

226 1406 269 1462 vis
283 1407 338 1463 hoo
358 1412 442 1484 turpe
462 1408 507 1474 sit,
523 1414 627 1474 temen,
642 1409 775 1483 quoniam
794 1408 918 1484 expedit,
940 1407 1058 1474 faciam
1079 1409 1131 1465 sed
1150 1409 1191 1466 ita

227 1494 417 1571 expedirent
437 1503 522 1572 turpe
546 1515 602 1553 nou
626 1497 679 1553 sit:
702 1496 845 1553 exaltare
867 1504 963 1554 autern
985 1503 1074 1573 parte,
1095 1515 1130 1554 ea
1148 1515 1188 1564 re,
1235 1521 1238 1526 ·

227 1584 293 1670 quia
306 1592 390 1660 turpe
404 1585 447 1652 sit,
463 1603 519 1642 non
532 1604 595 1642 esse
608 1585 777 1643 iaciendum.
818 1585 934 1643 Vendat
952 1585 1028 1644 aedes
1042 1585 1189 1643 virbonus
1204 1591 1221 1644 2

228 1679 345 1749 propter
358 1674 450 1750 aliqua
470 1674 545 1740 vitia,
560 1693 625 1750 quae
640 1675 701 1751 ipse
722 1674 804 1742 norit,
826 1675 912 1732 ceteri
933 1675 1081 1752 ignorent;
1102 1675 1189 1751 pesti-

227 1761 317 1818 lentes
331 1762 393 1829 sint,
409 1770 439 1819 et
451 1763 610 1820 habeantur
622 1764 749 1820 salubres
761 1783 768 1830 ;
788 1763 942 1840 ignoretur,
953 1764 982 1820 in
995 1764 1126 1821 omnibus
1140 1783 1189 1822 eu-

227 1850 326 1908 bioulis
347 1869 486 1928 apparere
506 1859 672 1929 serpentes;
694 1851 768 1910 male
788 1853 947 1910 materiate
970 1853 1034 1920 sint,
1056 1853 1188 1920 ruinosae,

227 1939 278 1996 sed
292 1939 355 2007 hoo,
375 1947 480 2017 praeter
493 1941 646 2007 dominum,
661 1959 744 1997 nemo
765 1941 852 1998 sciat:
874 1960 981 2017 quaero,
995 1942 1020 2000 si
1032 1943 1095 2000 haee
1108 1961 1187 2020 emp·
1202 1947 1221 1999 8

227 2028 334 2086 toribus
347 2029 476 2086 venditor
489 2048 545 2085 non
559 2028 668 2096 dixerit,
679 2029 814 2105 aedesque
823 2029 980 2087 vendiderit
988 2031 1077 2106 pluris
1087 2031 1188 2096 multo,

227 2135 313 2192 quam
327 2135 358 2174 se
370 2117 552 2174 venditurum
573 2118 687 2193 putarit,
703 2135 772 2174 num
794 2116 847 2195 [id]
869 2118 973 2194 injuste
987 2125 1038 2176 aut
1058 2120 1189 2194 improbe

226 2205 334 2262 feeerit.
376 2205 430 2262 Ille
449 2224 525 2271 vero,
547 2206 637 2281 inquit
651 2206 812 2282 Antipater.
854 2205 930 2274 Quid
950 2213 994 2262 est
1014 2207 1088 2264 enim
1101 2207 1222 2272 aliud,4

228 2293 331 2350 erranti
352 2293 427 2350 viam
452 2312 509 2350 non
535 2301 702 2360 monstrare,
723 2294 800 2369 quod
820 2293 944 2351 Athenis
967 2295 1190 2352 execrationibus

228 2381 349 2458 publicis
362 2390 492 2438 sanetum
512 2388 565 2448 est,
580 2382 604 2438 si
623 2383 678 2439 hoo
699 2401 755 2438 uon
776 2388 828 2448 est,
844 2391 1002 2459 emptorem
1015 2383 1075 2460 pati
1097 2401 1187 2450 ruere,

227 2478 257 2526 et
270 2488 321 2546 per
334 2488 458 2528 errorem
471 2471 500 2527 in
512 2471 662 2526 maximam
672 2471 800 2527 fraudem
813 2471 978 2528 inem-rere?
1018 2472 1089 2529 Plus
1102 2472 1188 2530 etium
1202 2480 1221 2532 5

131 2587 144 2608 ·
227 2567 279 2625 est,
295 2578 381 2635 quam
393 2560 467 2616 viam
481 2579 538 2616 non
551 2567 715 2616 monstrare.
757 2558 833 2616 Nam
853 2566 897 2617 εει
916 2559 1055 2617 soientem
1070 2560 1099 2616 in
1112 2578 1187 2617 erro·

226 2667 287 2706 rem
311 2649 432 2706 alterum
453 2648 595 2706 inducere.
636 2649 780 2725 Diogenes
805 2654 920 2705 eontra:
942 2649 1022 2706 Num
1044 2655 1074 2706 te
1094 2655 1220 2708 emeret

227 2738 328 2816 coegit,
343 2738 391 2815 qui
404 2757 439 2795 ne
453 2738 582 2794 hortatus
596 2737 711 2812 quidem
724 2737 790 2793 est?
812 2736 874 2804 Ille,
886 2737 963 2812 quod
973 2756 1030 2794 non
1044 2737 1185 2813 placebat,

227 2827 406 2904 proscripsit:
429 2834 469 2892 tu,
485 2825 562 2902 quod
576 2827 716 2903 plaoebat,
733 2824 832 2882 emisti.
874 2825 983 2892 Quodsi
996 2826 1045 2902 qui
1065 2827 1186 2902 proseri-
1202 2825 1219 2886 '1

227 2916 448 2973 buntvrnnarr
468 2932 593 2972 sonan
615 2933 783 2978 sennenn
806 2933 1054 2982 mnrrrosrsn,
1068 2934 1126 2972 non
1139 2933 1187 2974 ex·

228 3004 386 3061 istimantur
399 3005 539 3070 fefellisse,
561 3003 672 3060 etiamsi
688 3004 736 3060 illa
755 3021 807 3060 nee
828 3004 903 3060 bone
916 3010 968 3068 est,
983 3021 1035 3060 nee
1050 3003 1189 3062 edificata

228 3093 335 3148 ratione
347 3111 354 3158 ;
374 3093 465 3148 multo
478 3093 578 3157 minus,
590 3093 640 3167 qui
649 3091 768 3148 domum
778 3111 835 3149 non
847 3091 1008 3150 laudarunt.
1037 3092 1099 3150 Ubi
1112 3093 1188 3150 enim

227 3180 366 3256 juditium
379 3181 515 3256 emptoris
528 3187 581 3246 est,
599 3180 639 3236 ibi
651 3180 730 3236 fraus
743 3180 895 3237 venditoris
916 3197 981 3256 quae
994 3188 1090 3256 potest
1103 3182 1188 3239 esse?

230 3269 280 3326 Sin
293 3277 389 3326 eutem
404 3269 511 3326 dietum
530 3287 587 3330 non
607 3287 690 3325 omne
705 3268 900 3345 praestandum
913 3275 966 3336 est,
981 3270 1060 3345 quod
1080 3269 1189 3328 dietum
1203 3275 1221 3328 8

229 3377 284 3415 non
298 3367 350 3424 est,
365 3358 394 3416 id
408 3357 602 3434 prestandum
611 3359 719 3435 putas?
747 3357 823 3426 Quid
834 3377 901 3416 vero
911 3366 955 3417 est
968 3359 1091 3424 stultius,
1102 3376 1190 3434 quam

229 3447 402 3504 venditorem
416 3447 478 3523 ejus
491 3447 541 3513 rei,
556 3465 642 3523 quam
656 3446 769 3513 vendat,
784 3447 851 3504 vitia
870 3447 1008 3502 narrare?
1050 3446 1125 3514 Quid
1139 3463 1189 3502 su·

229 3544 288 3592 tem
300 3541 360 3592 tam
374 3534 539 3602 absurdum,
549 3536 667 3612 quamsi
681 3536 786 3593 domini
797 3536 881 3612 jussu
890 3535 930 3592 ita
938 3552 1033 3610 praeoo
1043 3533 1189 3608 pradioet,

229 3643 359 3681 norrun
381 3642 634 3682 rasrrnsrrrsrr
654 3624 798 3681 venno?
833 3623 880 3680 sie
894 3619 1221 3699 ergoinquibusdnno

230 3713 322 3772 causis
334 3712 428 3773 dubiis
451 3731 487 3770 ex
507 3713 597 3772 altera
616 3720 699 3791 parte
719 3711 880 3836 dependitm
892 3712 1035 3778 honestas,
1050 3727 1085 3768 ex
1098 3709 1189 3770 altera

729 3807 747 3860 9
