2648 4288
417 317 504 358 mna
516 319 536 358 1.
577 317 644 360 oar.
658 317 707 359 xr.
1036 298 1081 370 tl

109 443 179 502 Nam
200 451 228 502 et
255 444 304 522 qui
326 445 520 522 gratificantur
546 446 678 523 cuipiam,
702 445 780 522 quod
807 444 882 504 obsit
907 443 954 512 illi,
976 443 1053 502 cuia

93 537 196 592 rodesse
216 536 286 592 relle
306 535 462 600 videantur,
478 553 535 590 non
557 535 680 601 benefici,
701 553 793 610 neque
815 533 954 600 liberales,
968 531 1021 590 sed

93 624 205 680 orniciosi
223 626 411 679 assentatores
422 622 569 698 judicandi
581 629 663 679 sunt:
685 630 714 679 et
727 623 776 698 qui
789 623 849 680 eliis
862 628 973 688 nocent,
988 627 1021 679 ιιι

93 713 171 769 ,alios
184 713 310 770 liberales
324 711 388 777 sint,
402 711 431 767 in
444 710 544 768 eadem
565 717 631 768 suut
650 711 794 786 injustitia,
809 718 843 768 ut
856 711 880 768 si
897 711 926 767 in
939 728 1020 768 suam

93 821 125 856 un
138 801 222 858 aliena
235 806 409 858 convertant.
450 799 525 856 Sunt
538 806 634 856 autem
647 799 737 866 multi,
752 806 782 856 et
795 799 910 875 quidem
924 798 1021 875 cupidi

93 890 214 947 >lauderis
228 896 257 946 et
270 889 376 966 gloria,
391 888 439 964 qui
452 888 575 964 eripiunt
593 887 663 954 aliis,
677 888 755 963 quod
775 888 836 946 aliis
856 888 1018 964 largiantur.

93 979 155 1054 ique
174 979 351 1044 arbitrantur,
366 995 397 1034 se
417 977 558 1034 beneficos
578 976 606 1032 in
626 995 693 1034 suos
713 976 819 1034 amicos
832 975 924 1034 visum
936 973 1016 1042 insi

93 1067 230 1144 oupletent
243 1085 293 1123 eos
306 1083 477 1141 quacunque
496 1064 613 1122 ratione.
655 1064 691 1122 Id
704 1072 801 1122 autem
815 1071 926 1120 tantum
940 1065 1021 1122 abest

93 1157 158 1222 ficio,
172 1163 204 1212 ut
216 1155 285 1211 nihil
297 1154 388 1230 magis
402 1152 493 1210 officio
507 1153 597 1228 possit
617 1171 679 1210 esse
693 1152 871 1214 contrarium.
912 1151 1018 1209 Viden·
1034 1160 1051 1210 5

93 1263 130 1300 un
144 1251 186 1300 est
198 1243 293 1319 igitur,
308 1249 342 1298 ut
361 1259 397 1297 ea
415 1240 583 1298 liberalitate
596 1247 718 1306 utamur,
733 1259 799 1315 quae
813 1239 903 1316 prosit
916 1240 1019 1308 amicis,

93 1341 159 1389 ›ceat
172 1332 280 1388 nemini.
321 1331 417 1400 Quare
437 1330 469 1386 L.
492 1330 580 1388 Sullae
602 1336 632 1386 et
650 1330 683 1388 Ο.
700 1329 820 1386 Oaesaris
838 1329 1052 1405 pecuniamne

93 1421 204 1477 anslatio
221 1438 239 1475 a
257 1419 341 1496 justis
361 1418 481 1476 dominis
501 1418 538 1475 sd
556 1417 661 1476 alienos
675 1437 733 1475 non
746 1417 833 1476 debet
845 1418 967 1476 liberalis
981 1418 1020 1476 vi·

93 1510 126 1567 ri.
166 1508 243 1566 Nihil
257 1516 301 1564 est
315 1508 389 1564 enim
403 1507 526 1574 liberale,
541 1506 619 1583 quod
633 1525 690 1564 non
703 1507 779 1564 idem
790 1507 910 1582 justum.

96 1600 180 1654 Alter
206 1604 266 1655 erat
292 1597 372 1655 locus
399 1596 543 1664 cautionis,
568 1614 603 1653 ne
631 1595 788 1674 benignitas
815 1596 907 1672 major
933 1596 1051 1666 esset,'l

93 1707 142 1744 am
161 1686 320 1744 facultates.
362 1685 447 1754 Quod
467 1685 517 1761 qui
536 1684 715 1762 benigniores
729 1686 828 1742 volunt
847 1703 1021 1762 esse,qu

93 1797 100 1832 ι
122 1775 236 1852 patitur,
258 1775 381 1851 primum
400 1775 430 1832 in
453 1792 488 1831 eo
511 1781 640 1850 peccant,
661 1775 739 1850 quod
760 1774 886 1852 injuriosi
905 1781 971 1832 sunt
990 1775 1020 1832 in

93 1866 213 1922 oximos:
235 1883 307 1940 quas
327 1864 402 1920 enim
421 1863 517 1940 copias
538 1863 582 1920 bis
603 1870 632 1920 et
653 1863 829 1940 suppeditari
850 1862 960 1940 aequius
973 1869 1018 1920 est

96 1953 223 2030 relinqui,
238 1972 287 2010 eas
301 1953 475 2011 transferunt
492 1951 530 2008 ad
548 1951 662 2010 alienos.
704 1953 783 2010 Inest
804 1959 900 2010 autem
918 1952 948 2010 in
968 1952 1017 2010 tali
1032 1959 1050 2010 8

93 2043 220 2100 eralitate
234 2043 376 2119 cupiditas
390 2040 557 2126 plerumque
570 2039 698 2117 rapiendi
710 2048 740 2098 et
752 2040 898 2098 auferendi
912 2060 963 2117 per
976 2041 1017 2098 in-

93 2133 164 2198 iam,
179 2138 213 2189 ut
233 2130 271 2188 ad
292 2131 470 2209 largiendum
492 2135 647 2206 suppetent
665 2129 764 2206 copiae.
805 2128 912 2186 Videre
931 2129 1049 2188 etiam9

93 2229 126 2287 et,
142 2222 293 2297 plerosque
307 2239 365 2278 non
378 2226 437 2276 tam
451 2225 552 2276 natura
565 2217 704 2284 liberales,
719 2236 805 2294 quam
818 2217 941 2293 quedam
955 2218 1017 2294 glo-

105 2310 218 2375 ductos,
229 2317 263 2365 ut
276 2307 394 2366 benefici
408 2307 566 2373 videantur,
577 2306 671 2364 lacere
684 2307 785 2373 multa,
799 2325 865 2382 quae
880 2306 1018 2382 proficisci

110 2397 300 2456 ostentatione
321 2396 422 2472 magis,
437 2414 523 2471 quam
545 2414 563 2452 a
582 2395 728 2453 voluntate
746 2393 902 2453 videantur.
943 2395 1017 2454 Talis

93 2495 147 2544 tom
162 2486 306 2544 simulatio
319 2485 436 2543 vanitati
456 2491 500 2542 est
521 2483 704 2562 conjunctior,
718 2501 806 2560 quam
827 2489 878 2541 aut
897 2483 1016 2544 liberali·

93 2577 101 2633 i
115 2583 167 2633 aut
180 2575 333 2634 honestati.
720 2569 731 2588 ⁰

93 2666 218 2722 Pettium
239 2671 284 2724 est
303 2663 488 2740 propositum,
502 2669 535 2720 ut
556 2662 584 2720 in
604 2661 787 2720 beneficentia
802 2661 928 2720 delectus
942 2668 1017 2720 esset
1032 2668 1069 2720 10

93 2754 213 2826 nitatis:
234 2754 264 2812 in
283 2772 340 2831 quo
356 2759 386 2810 et
408 2771 502 2810 mores
523 2752 586 2829 ejus
608 2757 691 2808 crunt
712 2751 910 2828 spectandi,iu
930 2770 1017 2828 quem

93 2843 219 2900 reticium
234 2843 401 2909 conferetur,
417 2848 446 2899 et
459 2842 569 2898 animus
583 2859 652 2918 erga
664 2859 724 2909 ιιοι,
739 2848 769 2897 et
782 2841 969 2900 communitas
982 2859 1016 2900 ao

93 2933 169 2989 ictas
193 2932 271 2998 ritae,
298 2938 328 2988 et
348 2931 386 2988 ad
409 2937 521 2988 nostras
541 2929 678 2986 utilitates
702 2929 792 2987 officia
815 2937 881 2986 ante
905 2930 1015 2988 collata.

94 3041 120 3078 ae
146 3027 181 3078 ut
206 3028 376 3078 concurrant
395 3019 496 3086 omnia,
521 3018 645 3095 optabile
667 3025 727 3084 est;
749 3018 895 3086 siminus,
919 3019 1015 3098 plures
1031 3023 1066 3077 11

93 3129 142 3166 csae
155 3109 336 3187 majoresque
350 3108 482 3186 ponderis
496 3109 561 3184 plus
574 3106 731 3164 habebunt.

93 3289 151 3346 KV.
175 3286 318 3356 Quoniam
333 3293 430 3344 autem
443 3284 546 3344 vivitur
559 3304 615 3343 non
629 3303 694 3344 cum
710 3285 841 3363 perlectis
855 3287 1016 3345 hominibus

93 3396 189 3452 neque
211 3377 393 3453 sapientibus,
408 3375 459 3433 sed
473 3394 539 3432 oum
556 3374 598 3442 iis,
612 3374 640 3431 in
654 3374 756 3452 quibus
769 3375 907 3452 praeclare
921 3376 1015 3452 agitur

94 3472 149 3522 unt
164 3465 316 3523 simulacra
329 3464 455 3522 virtutis:
477 3464 561 3520 etiam
574 3464 629 3521 hoc
643 3463 858 3539 intelligendum
872 3469 951 3540 puto,
965 3481 1013 3518 ne·

93 3572 152 3609 rem
174 3553 289 3610 omnino
309 3572 371 3610 esse
391 3552 601 3630 negligendum,
614 3552 642 3608 in
656 3570 713 3627 quo
733 3552 827 3626 aliqua
848 3549 1015 3626 significatio

93 3642 157 3700 tutis
168 3648 323 3720 appareat;
337 3641 488 3699 colendum
500 3647 597 3698 autem
607 3659 669 3698 esse
677 3640 717 3698 ita
726 3656 868 3715 quemque
881 3637 1012 3708 mammo,
