2648 4288
154 301 192 356 32
568 312 606 350 uu
628 310 755 350 orrrcns

174 443 191 502 7
205 449 235 501 et
249 441 400 520 prudentia
414 440 584 518 consilioque
596 439 716 498 fidentis.
758 439 875 496 Temere
886 446 983 496 eutem
997 437 1025 496 in
1039 438 1099 496 acie
1108 457 1187 496 ver-

205 531 268 598 sari,
284 538 313 589 et
327 551 413 588 manu
434 550 499 588 cum
519 531 601 587 hoste
616 529 775 608 confligere,
791 529 913 586 immane
927 528 1063 608 quiddam
1079 535 1107 586 et
1122 529 1186 587 be·

205 619 317 678 luorum
338 621 426 678 simile
441 627 493 688 est,
509 619 560 676 sed
581 639 647 676 cum
668 626 783 696 tempus
804 618 1012 694 necessitasque
1034 618 1185 694 postrdat,

205 709 410 768 decertandum
438 729 526 768 manu
553 717 604 778 est,
628 715 657 766 et
685 727 762 766 mors
790 709 919 767 servituti
946 707 1186 786 turpitudinique

205 801 410 879 anteponenda.

245 979 352 1058 XXIV.
375 979 419 1064 lle
434 979 593 1038 evertendis
612 985 708 1036 autem
723 977 940 1056 diripiendisque
955 977 1074 1036 urbibus
1087 977 1183 1036 valde
1201 970 1208 982 ”

205 1068 442 1128 considerandum
457 1076 509 1134 est,
525 1087 560 1125 ne
575 1069 643 1145 quid
658 1075 772 1136 temere,
787 1087 823 1125 ne
838 1068 907 1145 quid
921 1067 1079 1126 crudeliter.
1121 1067 1180 1125 Id-

205 1178 260 1236 que
272 1165 315 1216 est
325 1159 376 1216 viri
387 1159 491 1238 magni,
503 1159 588 1216 rebus
601 1158 724 1238 agitatis,
737 1159 837 1236 punire
846 1165 949 1224 sontes,
960 1157 1180 1216 multitudinem

138 1258 141 1264 ’
172 1253 189 1304 2
205 1267 380 1316 conservare,
391 1249 419 1306 in
428 1249 504 1307 omni
514 1248 629 1305 fortuna
640 1257 718 1306 recta
729 1258 815 1324 atque
830 1249 950 1304 honesta
960 1247 1088 1305 retinere.
1129 1245 1180 1304 Ut

204 1340 278 1396 enim
292 1346 366 1406 sunt,
382 1337 625 1416 quemadmodum
640 1357 727 1416 supra
741 1337 806 1406 dixi,
822 1338 871 1414 qui
884 1337 998 1395 urbanis
1012 1337 1097 1394 rebus
1110 1337 1177 1394 bel-

203 1428 272 1486 licas
285 1431 483 1506 anteponant:
505 1428 544 1485 sic
565 1429 689 1504 reperias
709 1427 823 1494 multos,
839 1427 943 1503 quibus
963 1426 1121 1504 periculosa
1141 1434 1178 1486 et

204 1517 295 1575 calida
315 1519 429 1575 consilia
442 1517 543 1594 quietis
563 1523 593 1574 et
614 1515 743 1594 cogitatis
763 1523 792 1573 et
814 1515 1005 1592 splendidiora
1019 1524 1049 1574 et
1062 1516 1177 1593 majora

203 1606 360 1663 videantur.
404 1607 559 1681 Nunquam
580 1606 692 1662 omnino
714 1606 831 1682 periculi
851 1607 923 1684 fuga
936 1605 1177 1666 committendum

171 1701 189 1753 8
205 1702 256 1762 est,
273 1702 305 1752 ut
324 1695 452 1752 imbelles
472 1695 620 1771 timidique
636 1695 790 1752 videamur.
832 1695 890 1752 Sed
911 1695 1078 1773 fugiendum
1100 1695 1175 1753 illud

204 1785 298 1852 etiem,
313 1803 348 1841 ne
362 1784 513 1842 offeramus
535 1802 588 1841 uos
606 1784 736 1862 periculis
757 1783 816 1842 sine
831 1803 933 1842 causa:
955 1805 1012 1862 quo
1027 1804 1089 1842 esse
1103 1785 1175 1843 nihil

171 1877 189 1931 4
204 1881 300 1952 potest
310 1873 431 1931 stultius.
474 1875 657 1952 Quapropter
667 1874 695 1930 in
706 1873 843 1932 adeundis
855 1875 986 1952 periculis
995 1875 1174 1933 consuetudo

203 1962 338 2020 imitanda
358 1963 532 2022 medicorum
553 1972 605 2032 est,
621 1964 668 2040 qui
692 1964 792 2021 leviter
814 1972 988 2042 aegrotantes
1008 1965 1108 2022 leniter
1122 1985 1173 2023 cu·

204 2060 275 2120 rant,
290 2053 466 2132 gravioribus
480 2062 576 2113 autem
590 2053 695 2112 morbis
717 2053 889 2130 periculosas
904 2055 1063 2112 curationes
1078 2062 1107 2112 et
1120 2073 1170 2112 an·

171 2149 189 2204 5
205 2143 302 2219 cipites
316 2141 451 2201 adhibere
462 2152 610 2222 cognatm.
654 2145 747 2212 Quare
761 2143 789 2200 in
804 2144 955 2220 tranquillo
968 2151 1171 2222 tempestatem

203 2233 351 2290 adversam
372 2242 472 2310 optare
493 2233 631 2291 dementis
652 2241 704 2300 est,
720 2233 868 2290 subvenire
890 2239 986 2290 autem
1007 2234 1171 2312 tempestati

203 2322 300 2400 quavis
320 2323 428 2380 ratione
449 2323 599 2400 sapientis:
622 2342 712 2398 ecque
733 2322 831 2399 magis,
847 2321 871 2380 si
891 2322 1126 2400 plusadipiscare
1140 2343 1172 2382 re

171 2411 345 2488 bexplicata
368 2413 442 2480 boni,
465 2431 551 2490 quarn
571 2413 740 2470 addubitata
764 2411 838 2468 mali.
879 2412 1052 2470 Periculosae
1075 2421 1173 2472 autem

203 2521 298 2560 rerum
318 2503 442 2560 actiones
464 2503 567 2579 partim
588 2503 620 2560 iis
640 2510 715 2570 sunt,
741 2501 789 2578 qui
807 2519 855 2558 eas
877 2501 1043 2578 suscipiunt,
1066 2503 1173 2580 partim

203 2591 243 2648 rei
263 2591 392 2668 publicae.
435 2592 566 2668 Itemque
586 2592 632 2648 alii
653 2591 770 2658 devita,
786 2591 832 2648 elii
853 2591 890 2648 de
909 2591 1000 2669 gloria
1013 2601 1042 2650 et
1057 2592 1172 2650 benivo-

171 2680 187 2739 7
202 2680 289 2737 lentie
303 2681 405 2736 civium
419 2681 448 2736 in
462 2680 612 2738 discrimen
626 2687 771 2738 vocentur.
813 2681 1006 2758 Promptiores
1020 2682 1108 2759 igitur
1120 2682 1171 2740 de-

202 2769 304 2826 bemus
324 2787 385 2825 esse
408 2768 446 2824 ad
470 2777 566 2826 nostra
589 2770 723 2847 pericula,
738 2789 825 2847 quam
845 2770 883 2828 ad
904 2772 1073 2839 communia,
1089 2772 1171 2830 dimi·

203 2876 323 2935 careque
344 2858 470 2936 paratius
484 2858 520 2916 de
536 2859 642 2916 honore
656 2867 685 2918 et
699 2859 798 2937 gloria,
813 2879 897 2936 quam
920 2861 957 2918 de
978 2862 1078 2920 ceteris
1092 2881 1170 2920 com·

170 2955 188 3008 8
203 2947 302 3006 modis.
343 2948 455 3008 Inventi
469 2957 565 3008 autem
579 2949 751 3016 multisunt,
766 2950 815 3026 qni
835 2969 890 3008 non
904 2951 991 3008 modo
1009 2951 1177 3028 pecuniam,‘

202 3039 253 3095 sed
268 3040 353 3096 etiam
368 3040 456 3097 vitam
476 3040 648 3118 profundere
670 3059 722 3118 pro
745 3039 838 3118 patria
859 3041 951 3118 parati
965 3048 1067 3108 essent,
1082 3041 1170 3100 iidem

202 3127 301 3205 gloriae
321 3129 462 3206 jacturam
485 3149 520 3186 ne
542 3131 688 3188 minimam
709 3130 824 3210 quidem
845 3131 938 3188 facere
959 3131 1072 3198 vellent,
1088 3150 1123 3188 ne
1137 3149 1169 3190 re

170 3224 188 3277 9
204 3218 318 3296 publica
332 3218 447 3294 quidem
458 3220 630 3296 postulante.
666 3221 708 3277 Ut
718 3219 921 3287 Callicratidas,
934 3221 990 3297 qui,
1003 3240 1069 3278 cum
1080 3221 1167 3278 Lace·

202 3308 404 3366 daemoniorum
419 3309 477 3366 dux
490 3308 591 3366 fuisset
604 3309 846 3386 Peloponnesiaco
867 3311 952 3378 bello,
967 3309 1113 3388 multaque
1126 3309 1166 3368 fe·

202 3397 286 3456 cieset
305 3399 427 3476 egregie,
443 3398 526 3455 vertit
547 3399 584 3456 ad
604 3408 763 3458 extremum
784 3399 886 3466 omnia,
902 3419 968 3457 cum
983 3400 1097 3458 consilio
1111 3418 1168 3457 non

201 3489 297 3567 paruit
315 3507 421 3555 eorum,
437 3488 485 3565 qui
506 3489 626 3546 classem
647 3490 683 3547 ab
704 3489 870 3567 Arginussia
891 3487 1099 3556 removendam,
1115 3508 1167 3548 nec

202 3599 267 3637 cum
280 3579 504 3652 Atheniensibus
525 3578 717 3636 dimicandum
737 3580 886 3658 putabant.
928 3579 1038 3647 Quibus
1058 3579 1104 3636 ille
1124 3597 1167 3637 re·

202 3669 326 3750 spondit,
350 3668 589 3738 Lacedaemonios,
618 3669 709 3728 classe
736 3669 785 3727 illa
814 3669 925 3736 amissa,
954 3668 1038 3727 aliam
1065 3685 1167 3748 parare
