2648 4288
378 359 463 399 mnne
477 361 496 399 1.
538 359 605 400 oar.
620 361 699 400 xxxr.
1012 346 1050 402 41

83 489 160 556 idem,
174 489 374 549 severissimdm
388 489 632 568 philosophorum,
647 491 685 548 ob
699 509 818 568 eamque
832 509 892 548 rem
906 489 998 567 ipsam

83 599 171 656 ignum
185 587 211 636 et
231 579 337 638 clarum
358 579 452 638 fuisse.¹
494 580 717 638 Innumerabiles
738 581 800 640 aliae
826 578 1049 638 dissimilia-17

83 688 120 726 res
145 676 206 726 sunt
231 676 341 726 naturae
369 688 544 746 morumque,
572 669 685 728 minime
714 677 809 728 tamen
835 670 996 748 vituperan-

82 777 147 816 rum.

83 937 178 995 XXXI.
192 937 359 995 Admodum
373 944 469 994 autern
484 937 605 995 tenenda
619 945 686 996 sunt
699 958 751 996 sua
762 939 872 1015 cuique,
887 958 943 996 non
958 936 997 996 vi-

83 1045 115 1093 sa,
123 1027 171 1084 sed
181 1034 273 1085 tamen
283 1027 406 1106 propria,
416 1046 473 1104 quo
483 1028 591 1086 facilius
600 1027 734 1086 decorum
743 1029 821 1096 illud,
831 1029 909 1106 quod
918 1047 995 1106 quae·

83 1136 128 1182 ιιιε,
143 1117 299 1174 retineatur.
342 1117 389 1175 Sic
412 1117 486 1174 enim
507 1125 551 1174 est
573 1118 742 1185 faciendum,
764 1125 797 1176 ut
818 1126 916 1176 contra
935 1118 1028 1176 uni-2

83 1225 142 1264 sam
166 1215 295 1264 naturam
319 1206 391 1264 nihil
416 1207 629 1273 contendamus,
651 1225 685 1264 ea
705 1215 801 1264 tamen
822 1215 995 1276 conservata,

83 1296 175 1372 priam
194 1303 325 1353 naturam
346 1314 499 1372 sequamur
512 1315 518 1362 ;
540 1302 581 1362 ut,
597 1295 707 1353 etiamsi
720 1297 776 1354 sint
790 1296 844 1354 alia
857 1296 996 1374 graviora,

83 1403 126 1440 ren
150 1404 199 1441 nos
223 1384 317 1442 studia
340 1393 436 1442 nostra
459 1392 563 1442 nostrae
585 1392 696 1443 naturae
717 1385 816 1463 regula
836 1386 994 1444 metiamur.
1077 1430 1080 1436 ,

83 1492 133 1550 que
147 1474 219 1530 enim
240 1474 340 1532 attinet
361 1482 470 1532 natnrae
486 1491 655 1552 repugnare,
670 1493 722 1532 nec
743 1475 894 1552 quicquam
907 1475 994 1552 sequi,
1010 1483 1027 1534 3

83 1563 107 1619 ιι
129 1564 240 1640 assequi
262 1583 318 1621 non
339 1583 435 1642 quem,
452 1562 500 1643 (ex
520 1583 577 1640 quo
597 1564 689 1642 magis
710 1564 838 1644 emergit,
854 1565 938 1642 quale
959 1565 995 1624 sit

84 1673 164 1710 orum
190 1651 282 1732 illud)
307 1654 380 1722 ideo,
405 1653 471 1730 quia
495 1653 562 1711 nihil
587 1653 671 1712 decet
694 1655 782 1712 invita
804 1656 940 1723 Minerva,
962 1663 995 1714 ιιι

83 1751 114 1809 ιι,
129 1744 158 1801 id
178 1751 229 1810 est,
243 1744 411 1802 adversante
432 1752 461 1800 et
481 1751 658 1822 repugnante
679 1753 788 1803 natura.
830 1745 950 1804 Omnino
971 1745 1027 1804 sid

83 1852 177 1908 squam
192 1842 235 1891 est
250 1834 393 1900 decorum,
406 1834 474 1891 nihil
488 1842 533 1891 est
548 1835 676 1911 profecto
687 1834 787 1913 magis,
797 1854 882 1912 quem
897 1854 993 1912 aequa·

83 1942 120 1979 aas
135 1923 273 1982 universae
288 1924 365 1991 vitae,
379 1931 442 1980 tum
457 1924 632 2002 singularum
646 1924 806 1991 actionum
827 1943 914 2002 quam
927 1944 993 1982 cou-

83 2031 138 2069 rare
153 2033 210 2070 non
223 2013 323 2091 possis,
339 2013 361 2070 si
375 2014 493 2071 aliorum
506 2022 636 2071 naturam
650 2013 761 2072 imitans
776 2014 889 2071 omittas
904 2021 992 2072 tuam.

89 2103 164 2159 enim
185 2121 314 2161 sermone
336 2122 370 2160 eo
390 2103 528 2161 debemus
549 2103 599 2170 uti,
614 2103 661 2178 qui
682 2111 766 2160 natus
786 2111 830 2161 est
844 2103 933 2170 uobis,
948 2123 992 2171 ne,
1008 2113 1025 2162 5

83 2192 198 2268 quidam,
216 2193 318 2250 Graeca
331 2193 419 2250 verba
433 2193 606 2250 inculcantes
624 2193 689 2269 jure
710 2192 817 2269 optimo
831 2191 992 2250 rideamur:

83 2302 105 2338 n
119 2282 246 2340 actiones
266 2301 436 2359 omnemque
449 2282 537 2340 vitam
557 2282 665 2340 nullam
686 2281 904 2358 discrepantiam
927 2301 993 2339 con-

83 2371 257 2429 edebamus.
289 2372 388 2447 Atque
399 2370 463 2428 haec
475 2371 632 2428 differentia
642 2378 806 2428 naturarum
820 2378 930 2428 tantam
943 2373 992 2428 ha·
1008 2377 1026 2430 6

86 2461 152 2528 vim,
169 2469 202 2519 ut
216 2479 417 2536 nonnunquam
439 2467 561 2517 mortem
583 2460 635 2518 sibi
655 2460 715 2537 ipse
736 2459 908 2518 consciscere
920 2461 994 2518 alius

83 2559 136 2618 eat,
152 2551 227 2608 alius
241 2551 268 2608 in
283 2550 384 2614 eadem
405 2568 490 2607 causa
510 2569 566 2607 non
589 2549 708 2632 debeat,
743 2549 822 2608 Num
845 2549 919 2607 enim
939 2551 1025 2610 alia'l

83 2659 157 2698 ausa
179 2641 219 2697 M.
242 2641 314 2698 Cato
334 2640 396 2707 fuit,
417 2639 471 2696 alia
492 2639 586 2706 ceteri,
601 2640 649 2715 qui
669 2653 701 2698 se
720 2639 748 2698 in
768 2639 868 2698 Africa
887 2641 993 2698 Caesari

85 2731 226 2788 iderunt?
267 2729 359 2806 Atqui
380 2730 480 2787 ceteris
501 2729 618 2786 forsitan
632 2729 699 2786 vitio
713 2729 813 2787 datum
828 2739 911 2798 esset,
926 2731 950 2788 si
962 2750 993 2789 se

83 2821 239 2888 remissent,
264 2827 416 2897 propterea
439 2819 517 2895 quod
542 2819 631 2876 lenior
654 2838 752 2877 eorum
772 2819 831 2876 vita
850 2828 880 2878 et
900 2840 993 2880 mores

83 2918 133 2966 ant
147 2910 307 2968 faciliores:
329 2909 431 2966 Catoni
446 2929 512 2966 cum
529 2909 721 2967 incredibilem
734 2909 878 2967 tribuisset
892 2919 994 2968 natura

83 3001 204 3067 ritatem,
230 3017 350 3075 eamque
371 2999 431 3076 ipse
456 3008 596 3076 perpetua
617 2999 774 3056 constantia
795 2999 993 3068 roboravisset,

83 3109 195 3166 perque
219 3089 247 3146 in
271 3089 416 3166 proposito
436 3095 626 3166 susceptoque
646 3087 760 3145 consilio
782 3089 992 3165 permansisset,

83 3179 201 3236 lendum
227 3179 331 3256 potiuS,
355 3197 441 3254 quam
468 3177 578 3254 tyranni
601 3177 698 3234 vultus
717 3171 903 3255 ¹aspiciendus
930 3180 992 3238 fnit.

83 3289 113 3325 m
137 3269 235 3326 multa
256 3287 357 3346 passus
377 3274 421 3324 est
434 3267 533 3324 Ulixes
547 3268 574 3324 in
593 3267 641 3326 illo
655 3286 748 3324 errore
769 3267 911 3338 diuturno,
927 3277 1026 3329 cum8
1060 3277 1108 3329 ,¹¹3

83 3358 232 3416 rulieribus
244 3357 280 3438 (si
294 3357 375 3415 Circe
389 3363 417 3414 et
433 3356 558 3434 Calypso
572 3357 702 3416 mulieres
716 3358 897 3435 appellandae
912 3366 993 3437 sunt)

83 3449 176 3515 rviret,
194 3455 225 3506 et
238 3449 266 3505 in
280 3447 356 3505 omni
377 3466 505 3504 sermone
527 3447 658 3504 omnibus
679 3447 822 3506 affabilem
842 3455 873 3506 et
892 3449 993 3525 jucun·

83 3588 85 3593 .
100 3557 133 3595 se
149 3557 217 3596 csse
231 3538 341 3596 vellet?
373 3537 458 3594 D'omi
472 3557 538 3596 vero
552 3537 637 3596 etiam
651 3538 834 3594 contumelias
848 3555 994 3594 servorum

83 3627 249 3704 llarumque
270 3627 395 3704 pertulit,
411 3635 444 3685 ut
463 3626 500 3684 ad
521 3627 549 3684 id
570 3627 730 3704 aliquando,
752 3626 829 3703 quod
852 3625 993 3702 cupiebat,

83 3725 134 3776 ret.
174 3717 222 3776 At
235 3717 323 3796 Ajax,
337 3735 394 3795 quo
407 3717 500 3774 animo
514 3717 644 3784 traditur,
654 3717 754 3774 millies
767 3721 906 3794 oppetere
919 3733 993 3774 mor·

520 3805 559 3862 4*
