2648 4288
373 363 460 401 arana
473 363 492 402 1.
535 363 600 402 car.
617 363 703 402 xxxv.
1006 347 1046 406 tt

84 490 182 548 dustria.
218 490 316 567 Atque
334 491 419 548 etiam
438 509 504 549 cum
517 493 643 550 relaxare
657 492 765 548 animos
779 499 809 548 et
822 491 890 548 dare
904 511 935 550 se
946 491 992 569 ju·
1006 495 1025 550 4

84 579 175 637 nditati
193 581 290 646 volent,
311 589 429 638 caveant
449 581 703 657 intemperantiam,
724 581 901 638 meminerint
914 599 992 640 vere·

85 669 165 726 odia:
191 670 263 745 quod
287 671 339 726 erit
363 670 479 737 facilius,
505 670 529 727 si
554 671 582 727 in
604 671 746 747 ejusmodi
768 671 883 746 quidem
906 671 992 730 rebus

84 760 160 834 rjores
179 767 243 816 natu
256 760 343 816 velint
358 760 506 818 interesse.
549 759 671 818 Senibus
691 767 787 818 antem
807 760 918 818 labores
932 769 1024 820 cor-5

86 847 118 904 ris
138 849 279 916 minuendi,
294 849 507 906 exercitationes
531 849 615 906 animi
638 850 723 906 etiam
744 849 883 928 augendae
897 850 993 908 viden·

84 957 97 994 r.
124 938 217 995 Danda
226 957 292 996 vero
303 957 397 1016 opera,
407 945 477 996 utet
488 939 593 996 amicos
603 946 632 996 et
643 940 822 1016 juventutem
832 947 861 996 et
872 940 992 997 maxime

84 1047 100 1083 n
114 1027 246 1103 publicam
258 1029 372 1085 consilio
382 1035 412 1085 et
425 1028 575 1104 prudentia
587 1047 674 1104 quam
685 1028 836 1105 plurimum
846 1029 991 1106 adjuvent.

84 1117 117 1172 hil
130 1125 219 1174 autem
232 1117 323 1194 magis
334 1117 493 1174 cavendum
504 1125 549 1174 est
562 1119 708 1185 senectuti,
721 1137 807 1195 quam
815 1137 852 1175 ne
861 1119 992 1196 languori
1007 1125 1024 1175 6

85 1206 246 1282 desidiaque
260 1207 356 1263 dedat.
398 1206 523 1263 Luxuria
536 1225 604 1263 vero
619 1206 774 1264 cumomni
793 1208 871 1265 atati
891 1208 992 1284 turpia,
1008 1209 1024 1266 7

84 1314 100 1350 n
119 1295 251 1351 senectuti
273 1294 430 1352 foedissima
450 1303 502 1353 est.
543 1295 594 1352 Sin
618 1304 714 1353 autem
738 1296 885 1353 libidinum
908 1296 994 1354 etiam

84 1383 246 1459 emperantia
268 1384 427 1450 accesserit,
448 1383 555 1461 duplex
578 1384 684 1442 melum
709 1392 760 1451 est,
782 1385 860 1461 quod
880 1392 909 1442 et
932 1385 1017 1472 ipsa·

84 1483 164 1529 ectus
175 1473 297 1530 dedecus
308 1473 437 1551 concipit,
449 1481 480 1531 et
493 1475 561 1532 iacit
570 1474 792 1532 adolescentium
806 1475 994 1552 impudentio-

84 1582 95 1618 r
108 1562 357 1639 intemperantiam.

84 1653 118 1708 lc
144 1671 179 1708 ne
202 1652 271 1709 illud
295 1652 410 1729 quidem
430 1653 552 1710 alienum
573 1659 624 1720 est,
645 1653 681 1711 de
704 1653 932 1732 magistratuum,
954 1656 1024 1714 de8

84 1748 213 1809 ratarum,
228 1742 265 1799 de
279 1742 390 1810 civium,
405 1742 441 1800 de
458 1744 671 1821 peregrinorum
685 1744 781 1802 officiis
795 1744 897 1802 dicere.
939 1744 992 1803 Est
1007 1751 1024 1804 9

84 1851 117 1887 ur
140 1832 284 1909 proprium
308 1851 413 1890 munus
436 1833 628 1911 magistratus,
653 1833 869 1912 intelligerem
893 1851 993 1911 gerere

84 1939 180 1978 sonam
193 1922 321 1989 civitatis,
333 1922 492 1999 debereque
503 1922 566 2000 ejus
580 1923 749 2000 dignitatem
763 1930 793 1981 et
806 1922 894 1982 decus
908 1924 991 1982 susti·

84 2029 103 2076 e,
119 2029 230 2068 servare
251 2011 339 2089 leges,
352 2013 418 2088 jura
439 2012 606 2080 describere,
625 2031 659 2070 ea
680 2013 746 2070 fidei
767 2031 827 2070 suae
845 2013 994 2070 commissa

84 2101 195 2158 ninisse.
235 2101 492 2170 Privatumautem
506 2109 619 2179 oportet
633 2120 715 2179 aequo
729 2109 759 2159 et
773 2102 834 2178 pari
848 2120 913 2158 cum
927 2103 992 2160 ciri-
1009 2108 1045 2160 10

101 2189 165 2266 jure
187 2190 288 2258 virere,
310 2209 401 2267 neque
425 2192 607 2248 summissum
628 2198 658 2248 et
676 2191 830 2268 abjectum,
851 2209 993 2266 nequeas

84 2286 210 2337 rentem:
233 2286 295 2338 tum
316 2280 345 2360 in
366 2299 397 2338 re
419 2280 534 2356 publica
553 2299 588 2338 ea
608 2278 688 2347 velle,
703 2299 768 2356 quae
790 2280 941 2356 tranquilla
964 2285 994 2338 et

84 2375 147 2426 esta
164 2369 229 2426 sint.
271 2369 368 2426 Talem
382 2369 456 2426 enim
470 2369 593 2426 solemus
607 2377 637 2427 ct
651 2368 755 2426 sentire
772 2369 879 2427 bonum
893 2369 992 2436 civem,

84 2459 174 2516 licere.
218 2458 366 2536 Peregrini
385 2465 480 2526 autern
501 2465 587 2535 atque
607 2458 707 2516 incolae
722 2457 844 2515 officium
858 2465 911 2525 est,
925 2459 993 2516 nihil
1009 2464 1043 2517 11

84 2557 132 2606 ter
153 2567 240 2606 suum
264 2548 410 2626 negotium
433 2565 528 2625 agere,
542 2547 612 2605 nihil
630 2547 669 2618 de
680 2547 735 2605 alio
748 2547 903 2624 anquirere,
914 2548 992 2606 mini·

84 2657 127 2714 [ue
142 2657 207 2695 esse
221 2638 250 2696 in
264 2639 397 2695 alienare
410 2637 526 2715 publica
539 2638 689 2695 curiosum.

84 2737 109 2784 ta
130 2727 202 2796 fere,
215 2727 305 2784 officia
324 2727 509 2804 reperientur,
533 2746 598 2785 oum
619 2735 770 2803 quaretur,
794 2726 862 2804 quid
883 2727 991 2796 deceat,
1008 2734 1044 2786 12

85 2816 136 2874 uid
151 2823 257 2894 aptum
272 2817 308 2874 alt
322 2817 457 2894 personis,
473 2817 659 2894 tempor-ibae,
674 2817 814 2890 aetatibus.
856 2818 934 2876 Nihil
948 2825 992 2877 est
1009 2824 1044 2876 13

84 2927 128 2973 rm,
145 2907 228 2982 quod
249 2915 309 2963 tam
323 2906 432 2973 deceat,
448 2925 534 2984 quarn
550 2907 669 2964 inomni
682 2925 713 2965 re
726 2907 853 2986 gerenda
866 2907 992 2966 consilio·

91 2995 238 3072 capiendo
252 3015 362 3054 servare
376 2995 573 3055 constantiam.
634 3047 640 3058 .

84 3175 185 3234 XXV.
203 3175 263 3232 Sed
277 3175 407 3252 quoniam
418 3174 553 3231 decorum
565 3173 637 3231 illud
650 3173 677 3230 in
687 3173 817 3232 omnibus
830 3174 921 3242 lactis,
932 3174 993 3234 dic·
1077 3193 1081 3200 ’
1095 3183 1099 3194 ’

84 3283 104 3320 n
116 3265 251 3341 eorporis
265 3265 386 3341 denique
397 3269 478 3320 motu
491 3270 520 3320 et
534 3269 612 3320 statu
625 3263 754 3331 cernitur,
770 3263 855 3340 idque
869 3265 993 3342 positum

84 3353 111 3410 in
133 3353 233 3411 tribus
255 3355 350 3420 rebus,
364 3353 551 3420 formositate,
566 3352 672 3419 ordine,
687 3361 789 3410 ornatu
802 3354 839 3411 ad
853 3355 993 3412 actionem

84 3473 94 3508 κ,
111 3443 282 3501 difficilibus
302 3442 339 3500 ad
361 3443 560 3518 eloquendum,
576 3442 628 3500 sed
650 3442 718 3499 satis
737 3443 790 3500 erit
809 3443 927 3520 intelligi
937 3462 944 3509 ;
964 3443 1026 3500 ini

84 3538 180 3588 tutem
195 3532 290 3589 tribus
304 3532 461 3589 continetur
473 3551 542 3588 eura
555 3532 641 3589 etiam
655 3531 711 3599 illa,
726 3539 759 3590 ut
779 3533 932 3608 probemur
952 3531 993 3597 iis,

84 3639 197 3677 uacum
206 3620 288 3697 apud
295 3640 422 3697 quoque
430 3621 571 3678 vivamus:
586 3620 630 3678 his
639 3639 752 3697 quoque
761 3620 797 3676 de
807 3619 893 3676 rebus
903 3635 995 3694 pauca

84 3718 162 3767 ntur.
209 3709 360 3786 Principio,
376 3710 500 3786 corporis
513 3709 602 3767 nostri
615 3727 750 3786 magnam
763 3715 865 3765 natura
878 3706 941 3783 ipsa
949 3706 993 3766 ri·
1008 3711 1026 3766 8
