2648 4288
174 345 212 400 88
589 357 626 396 uu
648 356 775 420 orprcrrs

224 489 297 546 inest
312 494 400 565 parte,
414 487 450 545 de
460 505 518 564 qua
528 487 714 563 disputamus.
747 485 848 562 Neque
862 485 936 541 enim
950 485 1043 541 solum
1056 484 1210 561 corporis,

224 577 271 654 qui
285 578 322 635 ad
336 584 465 632 naturam
480 576 539 652 apti
553 583 628 641 sunt,
644 575 694 632 sed
718 575 807 631 multo
828 575 913 632 etiam
928 573 1018 650 magis
1032 573 1119 630 animi
1133 593 1208 630 mo-

172 672 207 725 11
223 674 269 724 tus
284 665 432 743 probandi,
448 665 496 741 qui
509 661 578 722 item
593 664 630 721 ad
644 672 774 720 naturam
794 663 1001 720 accommodati
1015 670 1089 720 sunt.
1132 663 1206 720 Du-

224 757 290 833 plex
304 763 348 813 est
361 755 435 811 enim
449 755 491 811 vis
512 755 669 811 animorum
691 759 776 828 atque
796 760 914 810 natura:
936 771 993 808 una
1015 771 1080 830 pars
1099 752 1129 808 in
1143 771 1204 828 ap-

223 845 314 921 petitu
335 845 427 921 posita
447 851 499 911 est,
516 863 581 920 quae
603 851 647 900 est
668 840 734 920 igni
751 843 870 908 Graece,
884 861 949 918 quae
972 841 1113 898 bominem
1135 843 1203 900 huc

222 942 253 991 et
265 934 331 991 illuc
351 934 441 1010 rapit:
463 934 551 990 altera
565 933 592 989 iu
606 931 721 998 ratione,
737 950 802 1007 quae
823 930 907 988 docet
921 937 951 988 et
964 930 1106 1006 explanat,
1122 931 1200 1007 quid

222 1023 383 1080 faciendum
403 1021 604 1100 fugiendumve
625 1022 668 1078 sit.
710 1022 756 1077 Ita
775 1021 815 1086 fit,
829 1028 863 1078 ut
876 1020 948 1077 ratio
961 1020 1066 1095 praesit,
1081 1021 1198 1096 appeti-

221 1119 269 1169 tus
290 1114 478 1189 obtemperet.
520 1111 626 1167 XXIX.
650 1110 749 1167 Omnis
773 1118 869 1166 autem
890 1109 963 1167 actio
983 1128 1083 1166 vacare
1104 1109 1198 1167 debet

222 1203 379 1260 temeritate
400 1208 429 1258 et
450 1200 641 1278 negligentia:
664 1219 716 1257 nec
736 1219 804 1256 vero
824 1217 909 1276 agere
930 1199 1093 1275 quidquam,
1108 1200 1195 1276 cujus

190 1297 207 1348 2
223 1310 278 1348 non
293 1291 383 1367 possis
398 1310 513 1348 causam
535 1290 710 1367 probabilem
730 1281 856 1346 reddere,
899 1289 972 1345 Haec
986 1295 1030 1346 est
1044 1289 1117 1345 enim
1130 1289 1193 1346 fere

222 1381 373 1458 descriptio
386 1380 475 1438 officii.
511 1379 696 1437 Efficiendum
710 1385 806 1436 autem
820 1384 873 1444 est,
884 1384 917 1434 ut
931 1378 1076 1453 appetitus
1089 1377 1193 1436 rationi

222 1471 363 1536 obediant,
378 1487 497 1544 eamque
518 1487 608 1544 neque
630 1474 813 1544 praecurrant,
833 1486 884 1524 uec
906 1474 1024 1543 propter
1047 1467 1191 1545 pigritiam

222 1567 272 1614 aut
284 1558 424 1634 ignaviam
445 1557 594 1613 deserant:
617 1557 727 1631 sintque
748 1556 899 1633 tranquilli,
914 1563 999 1632 atque
1013 1557 1086 1614 omui
1105 1557 1191 1615 animi

189 1646 432 1723 aperturbatione
457 1651 578 1701 careant.
620 1645 664 1700 Ex
687 1663 744 1720 quo
768 1645 890 1703 elucebit
914 1646 1005 1702 omnis
1032 1647 1201 1704 constantia.

222 1735 367 1810 omnisque
380 1733 544 1790 moderatio.
586 1734 661 1790 Nam
674 1734 721 1810 qui
737 1735 880 1811 appetitus
895 1734 1006 1813 longius
1020 1742 1189 1812 evagantur,

222 1833 251 1882 et
265 1833 409 1899 tamquam
423 1822 581 1880 exultantes
595 1823 653 1880 sire
668 1823 816 1900 cupiendo,
829 1826 887 1880 sive
897 1823 1041 1901 fugiendo,
1053 1843 1108 1881 non
1120 1825 1190 1882 satis

221 1933 238 1970 a
252 1913 358 1970 ratione
373 1913 534 1978 retinentur,
550 1913 568 1969 ii
582 1913 640 1969 sine
654 1913 741 1970 dubio
762 1914 845 1970 finem
859 1920 888 1970 et
901 1913 1018 1971 modum
1033 1921 1188 1974 transeunt.

221 2003 393 2078 Relinquunt
407 2002 480 2058 enirn
496 2009 525 2058 et
539 2003 675 2079 abjiciunt
688 2003 884 2069 obedientiam,
899 2021 950 2060 nec
964 1995 1064 2060 rationi
1077 2010 1187 2080 parent,

221 2092 265 2150 cui
279 2099 345 2149 sunt
359 2092 479 2169 subjecti
493 2092 556 2169 lege
568 2099 694 2150 naturae:
710 2092 842 2168 aquibus
857 2111 913 2148 uon
926 2093 1012 2149 modo
1026 2093 1109 2148 animi
1124 2111 1187 2169 per-

188 2187 206 2240 4
221 2183 378 2248 turbantur,
393 2181 543 2240 sedetiam
564 2201 690 2258 corpora,
732 2181 812 2238 Licet
827 2201 876 2238 ora
890 2181 951 2257 ipsa
972 2200 1084 2238 cernere
1103 2182 1187 2238 irato-

220 2291 292 2338 rum,
308 2279 358 2328 aut
372 2291 478 2337 corum,
493 2271 541 2346 qui
562 2279 613 2327 aut
633 2271 747 2328 libidine
768 2271 861 2347 aliqua
881 2277 931 2328 aut
954 2278 1033 2327 metu
1053 2262 1187 2329 commoti

220 2371 294 2434 sunt,
309 2368 359 2419 aut
373 2361 519 2437 voluptate
533 2361 617 2416 nimia
637 2361 780 2438 gestiunt:
803 2379 923 2437 quorum
943 2361 1066 2416 omniurn
1080 2361 1185 2430 vultus,

96 2473 98 2481 ·
122 2475 128 2496 =
188 2459 205 2510 5
221 2469 313 2518 vocae,
327 2459 421 2507 motus
436 2457 583 2525 statusque
599 2457 751 2507 mutantur.
793 2450 836 2505 Ex
851 2449 953 2526 quibus
967 2449 1037 2506 illud
1055 2450 1185 2529 iutelligi-

207 2549 254 2598 tur
268 2539 313 2618 (ut
326 2541 363 2597 ad
378 2541 459 2597 officii
472 2541 593 2596 formam
606 2538 793 2616 revertamur)
805 2540 949 2616 appetitus
963 2557 1061 2596 omnes
1075 2549 1184 2597 coutra-

220 2631 327 2687 hendos
352 2624 548 2703 sedandosque
569 2647 640 2694 esse,
662 2629 1184 2704 excitandamqueanimadversionem

220 2727 249 2776 et
264 2718 444 2794 diligentiam,
459 2725 491 2772 ut
512 2716 637 2792 nequid
658 2725 763 2774 temere
788 2737 821 2774 ac
842 2717 966 2785 fortuite,
980 2718 1183 2778 inconsiderate

220 2807 451 2884 negligenterque
465 2823 592 2882 agamus

188 2991 205 3043 6
259 2985 360 3062 Neque
384 2984 458 3042 enim
480 2983 520 3040 ita
540 2985 665 3062 generati
686 3003 702 3043 a
723 2991 824 3042 natura
846 3005 952 3054 sumus,
974 2993 1007 3043 ut
1026 2987 1063 3044 ad
1084 2987 1181 3046 ludum

220 3083 249 3132 et
260 3075 357 3151 jocum
377 3074 444 3132 lacti
465 3093 526 3132 esse
540 3074 703 3132 videamur:
725 3076 762 3133 ad
784 3077 962 3133 severitatem
982 3077 1084 3153 potius,
1100 3085 1130 3134 et
1146 3078 1181 3136 ad

188 3164 204 3222 7
220 3164 352 3240 quaedam
367 3164 459 3221 studia
472 3164 601 3240 graviora
614 3173 699 3241 atque
714 3165 829 3243 majora.
871 3165 953 3222 Ludo
967 3173 1062 3222 autem
1076 3176 1106 3223 et
1116 3167 1180 3244 joco

219 3253 261 3310 uti
284 3253 331 3308 illo
351 3253 465 3328 quidem
485 3253 568 3311 licet:
591 3255 643 3311 sed
663 3255 736 3311 sicut
756 3273 855 3312 somno
868 3261 898 3311 et
912 3255 1052 3330 quietibus
1073 3255 1179 3324 ceteris,

163 3399 165 3416 ,
188 3349 205 3400 8
220 3350 290 3409 turn,
303 3361 367 3399 cum
381 3342 514 3420 gravibus
528 3342 660 3418 seriisque
671 3345 755 3401 rebus
767 3344 991 3402 satisfecerimus.
1027 3346 1180 3422 Ipsumque

162 3433 163 3441 ’
219 3451 310 3510 genus
322 3431 435 3509 jocandi
449 3450 504 3489 non
518 3431 665 3508 profusum
678 3451 731 3490 nec
744 3433 952 3500 immodestum,
965 3434 1015 3490 sed
1029 3434 1181 3512 ingenuum

187 3527 204 3579 9
219 3529 248 3579 et
261 3522 384 3580 facetum
398 3539 459 3578 esse
473 3520 568 3578 debet.
609 3522 651 3578 Ut
664 3522 736 3579 enirn
752 3523 845 3600 pueris
858 3542 915 3579 nou
935 3541 1047 3580 ornnem
1067 3523 1179 3582 ludendi

218 3612 358 3669 licentiam
372 3612 482 3678 damus,
497 3610 547 3667 sed
562 3629 633 3677 eam,
649 3629 712 3687 quae
726 3614 762 3669 ab
777 3612 930 3669 honestatis
952 3612 1108 3670 actionibus
1128 3633 1179 3672 non

219 3700 255 3758 sit
269 3701 375 3760 ebena:
397 3701 437 3760 sic
451 3700 554 3778 inipso
571 3700 638 3778 joco
658 3701 773 3777 aliquod
793 3701 875 3778 probi
894 3701 998 3780 ingenii
1014 3702 1110 3760 lumea
1123 3702 1178 3760 elu-
