2648 4288
163 365 204 420 50
580 379 618 416 nu
639 377 766 418 osricus

182 511 201 565 6
215 505 290 564 tatis.
330 505 425 563 Aliter
438 507 534 584 ampla
553 507 656 564 domus
676 506 808 564 dedecori
822 524 899 582 saepe
919 505 1034 564 domino
1046 505 1089 573 fit,
1105 505 1130 564 si
1148 513 1199 564 est

214 596 243 652 in
263 613 297 652 ea
317 595 451 662 solitud0‚
473 604 504 652 et
522 597 654 663 maxime,
675 597 699 654 si
719 596 871 673 aliquando
890 595 946 652 alio
966 596 1080 653 domino
1103 597 1198 653 solita

183 683 261 742 test
280 685 460 762 frequentari.
502 685 643 745 Odiosum
662 693 707 743 eet
726 686 810 753 enim,
831 705 898 742 cum
912 703 930 742 a
944 686 1197 762 praetereuntibus

215 774 335 832 dicitur:

396 895 421 953 0
434 895 534 954 domus
547 897 674 971 antiqno,
690 895 741 953 len
756 915 842 972 quam
855 895 964 970 dispari

321 985 478 1043 Dominare
490 987 604 1043 domino
614 985 628 1042 Ι

183 1146 202 1199 8
216 1138 293 1216 quod
307 1139 423 1217 quidem
437 1140 481 1197 his
494 1140 670 1217 temporibus
684 1139 713 1197 in
725 1139 822 1197 multis
842 1139 908 1197 licet
928 1139 1030 1198 dicere.
1072 1141 1191 1198 Caven-

215 1229 285 1287 dum
298 1237 395 1286 autem
409 1237 460 1297 cst,
477 1231 634 1307 praesertim
649 1229 672 1286 si
685 1231 746 1306 ipse
767 1230 898 1310 aedifices,
913 1249 950 1286 ne
963 1237 1044 1286 extra
1063 1231 1190 1288 modum

214 1327 333 1397 sumptu
343 1327 372 1376 et
382 1320 590 1398 magnificentia
601 1319 735 1397 prodeas:
751 1338 808 1396 quo
817 1319 846 1375 in
859 1337 963 1396 genere
977 1320 1099 1377 multum
1115 1321 1188 1378 mali

183 1409 301 1466 aetam
324 1410 353 1466 in
377 1411 509 1486 exemplo
529 1416 580 1466 est.
623 1407 755 1465 Studiose
776 1408 850 1464 euim
870 1409 1005 1485 plerique,
1021 1411 1187 1486 praesertim

113 1497 117 1504 '
214 1498 244 1554 in
267 1500 339 1555 hanc
362 1507 482 1574 partem,
498 1499 574 1555 lacta
594 1496 753 1574 principum
776 1497 936 1568 imitantur:
958 1506 992 1554 ut
1011 1498 1044 1554 L
1059 1498 1185 1566 Luculli,

216 1587 319 1642 summi
332 1587 392 1652 viri,
407 1587 542 1642 virtutem
557 1587 620 1663 quis
633 1587 646 1642 l
668 1594 699 1644 at
712 1606 798 1663 quam
813 1587 896 1643 multi
908 1587 1038 1644 villarum
1053 1588 1184 1664 magnili-

215 1675 337 1732 centiam
350 1674 449 1732 imitati
463 1676 554 1732 sunt?
576 1675 703 1743 Quarum
717 1676 832 1753 quidem
847 1682 924 1733 certe
937 1684 982 1732 cst
1001 1677 1184 1734 adhibendus

215 1764 327 1829 modus
337 1763 375 1819 ad
386 1763 667 1840 mediocritatemque
678 1765 862 1822 revocandus.
894 1765 1059 1841 Eademque
1073 1765 1182 1823 medio·

215 1853 301 1911 critas
311 1852 349 1909 ad
363 1871 475 1909 omnem
489 1872 573 1910 usum
585 1855 750 1930 cultumque
759 1855 824 1912 vitae
836 1853 1030 1911 transferenda
1040 1862 1091 1912 est.
1121 1855 1183 1912 Sed

134 1963 147 1982 ·
215 1943 281 2000 hacc
294 1942 441 1999 hactenns.

164 2037 201 2090 10
256 2032 291 2088 Iu
314 2031 389 2088 omui
413 2041 509 2090 autem
537 2033 649 2090 actione
672 2032 851 2110 suscipienda
874 2033 927 2089 tria
951 2040 1018 2090 sunt
1037 2033 1181 2092 tenenda:

215 2121 347 2200 primum,
362 2129 395 2178 ut
408 2123 553 2199 appetitus
572 2123 672 2180 rationi
692 2131 808 2200 pareat;
829 2141 886 2199 quo
899 2122 967 2179 nihil
981 2130 1025 2179 est
1038 2122 1076 2179 ad
1090 2123 1183 2180 officia

215 2213 409 2270 conservanda
435 2212 693 2270 accommodatius:
730 2211 841 2278 deiude,
869 2219 903 2269 ut
930 2212 1182 2281 animadvertatur,

214 2308 322 2379 quanta
343 2301 391 2359 illa
412 2321 458 2360 res
480 2302 525 2368 sit,
546 2321 632 2378 quam
654 2301 764 2358 efficere
783 2301 902 2358 velimus
913 2321 921 2369 ;
942 2307 974 2358 ut
993 2320 1064 2358 neve
1078 2302 1180 2378 major,

214 2409 285 2450 neve
300 2391 391 2449 minor
404 2411 473 2449 cura
487 2399 516 2448 et
530 2409 617 2468 opera
631 2391 809 2468 suscipiatur,
825 2409 911 2466 quarn
929 2409 1015 2448 causa
1035 2392 1180 2468 postulet:

214 2482 330 2539 tertium
346 2489 397 2549 est,
412 2488 445 2538 ut
460 2499 618 2548 caveamus,
632 2489 665 2537 ut
679 2500 720 2547 ea,
736 2500 801 2556 quae
823 2480 964 2557 pertinent
982 2481 1019 2538 ad
1032 2481 1181 2538 liberalem

164 2577 199 2629 11
215 2573 337 2649 speciem
362 2578 390 2628 et
417 2571 593 2647 dignitatem,
618 2569 766 2627 moderata
789 2569 852 2626 siut.
894 2567 999 2626 Modus
1019 2578 1114 2626 autem
1136 2577 1183 2628 est

215 2662 347 2739 optimus
362 2661 451 2717 decus
465 2660 558 2736 ipsum
572 2667 678 2726 tenere,
694 2659 802 2735 dequo
816 2667 881 2716 aute
902 2659 1032 2727 diximus
1048 2679 1100 2717 nec
1114 2679 1180 2736 pro-

214 2751 295 2830 gredi
318 2750 436 2826 longius.
478 2750 590 2806 Horum
612 2756 708 2806 tamen
730 2750 815 2806 trium
839 2750 1104 2826 praestantissimum
1125 2757 1180 2818 est,

215 2839 375 2918 appetitum
389 2839 587 2915 obtemperare
600 2839 708 2905 rationi.
1130 2855 1134 2868 ·

248 3019 309 3082 XL.
324 3018 466 3096 Deinceps
481 3018 517 3077 de
532 3019 658 3095 ordine,
672 3038 785 3076 rerum
799 3027 828 3077 et
842 3018 878 3076 de
897 3018 1179 3097 opportunitate

157 3155 174 3176 .
215 3115 421 3186 temporum
435 3108 587 3168 dicendum
598 3116 649 3167 est.
682 3110 756 3167 Haec
767 3117 863 3166 autem
874 3109 989 3166 scientia
1003 3109 1180 3167 continentur

215 3217 258 3266 ea,
273 3217 359 3275 quam
381 3199 477 3258 Graeci
497 3201 620 3274 εὐταξίαν
635 3200 796 3266 nominaut3
816 3217 873 3254 non
893 3199 974 3266 hanc,
989 3217 1075 3275 qnam
1094 3198 1178 3256 inter-

215 3295 361 3366 pretamur
374 3289 622 3365 modestiamque
635 3289 664 3345 in
678 3289 765 3346 verbo
777 3287 881 3346 modus
894 3288 967 3345 inest
978 3307 985 3355 ;
1006 3287 1058 3344 sed
1074 3287 1122 3344 illa
1135 3294 1179 3346 est

183 3377 334 3452 ιεῦιαξία,
354 3377 383 3434 in
403 3395 460 3454 qua
479 3377 646 3453 intelligitur
665 3376 770 3434 ordinis
790 3377 973 3436 conservatio.
1014 3377 1129 3453 Inque·
1145 3384 1179 3435 ut

215 3467 335 3525 candem
349 3484 400 3523 nos
414 3465 582 3524 modestiam
596 3465 781 3541 appellemus,
794 3467 832 3524 sic
847 3467 1010 3525 delinitura
1024 3465 1135 3534 Stoicis
1145 3472 1179 3524 ut

215 3555 354 3616 modestia
367 3555 404 3613 sit
417 3555 532 3613 scicntia
546 3573 642 3611 aarum
653 3573 756 3623 rerum,
767 3576 833 3633 quae
845 3563 966 3634 agentur
979 3562 1030 3612 aut
1040 3555 1176 3626 dicentur,

184 3646 279 3704 Sloco
299 3663 351 3703 suo
373 3643 609 3708 collocandamm.
651 3647 698 3703 Ita
717 3646 830 3704 videtur
850 3645 951 3705 cadem
965 3645 1006 3703 vis
1027 3645 1131 3703 ordinis
1149 3654 1179 3705 et

216 3734 406 3806 collocationis
427 3734 496 3793 scre.
538 3735 614 3792 Nam
635 3743 664 3806 et
684 3735 811 3803 ordinem
825 3735 865 3792 sic
879 3735 1026 3801 definiunt,
1041 3739 1177 3812 composi·
