2750 4284
190 312 229 370 80
603 323 641 364 na
655 321 783 364 ormons

241 453 307 523 niet,
321 454 451 512 nimirum
466 453 670 512 Themistocles
683 459 728 510 est
741 458 841 510 auctor
860 450 1054 519 adhibendus;
1075 452 1124 528 qui
1138 471 1216 510 cnm

241 545 442 610 consuleretur,
454 551 551 601 utrum
565 543 640 601 bono
654 542 713 599 viro
728 541 854 618 pauperi,
870 559 906 598 an
920 541 1011 598 minus
1025 543 1149 618 probato
1163 541 1213 599 di-

241 633 293 690 viti
312 633 399 690 filiam
419 633 586 690 collocaret:
608 632 671 709 Ego
685 650 760 697 vero,
775 631 872 706 inquit,
887 630 962 687 malo
976 630 1076 698 virum,
1091 631 1140 707 qui
1155 649 1211 708 pe-

190 727 225 780 11
241 722 323 780 cunia
336 728 428 800 egeat,
443 740 529 798 quam
542 721 699 798 pecuniam,
711 738 776 797 quae
789 720 856 777 viro.
898 719 957 776 Sed
971 720 1096 796 corrupti
1110 739 1211 777 mores

242 811 444 888 depravatique
459 818 526 868 sunt
545 811 730 868 admiratione
744 809 912 866 divitiarum.
954 809 1082 876 Quarum
1096 810 1211 887 magni-

191 906 227 960 12
242 900 313 958 tudo
327 900 395 977 quid
409 900 446 957 ad
460 918 690 976 unumquemque
711 906 841 957 nostrum
862 900 1006 976 pertinet?
1047 900 1134 956 Illum
1148 901 1211 961 for-

242 997 317 1048 tasse
332 989 459 1068 adjuvat,
474 989 523 1065 qui
537 990 640 1047 habet:
662 1008 698 1046 ne
712 989 741 1047 id
755 988 870 1064 quidem
885 1007 1013 1066 semper:
1035 989 1087 1046 sed
1100 990 1145 1046 iac
1158 990 1210 1067 ju-

192 1086 228 1139 13
243 1099 327 1147 vare;
347 1079 471 1136 utentior
485 1097 552 1136 sane
567 1079 621 1145 sit;
643 1079 787 1136 honestior
801 1096 868 1135 vcro
887 1077 1055 1155 quomodo?
1096 1078 1210 1147 Quodsi

243 1170 327 1228 etiam
341 1171 432 1227 bonus
443 1169 496 1226 erit
509 1169 564 1235 vir,
574 1187 609 1225 ne
623 1168 778 1245 impediant
791 1167 905 1234 divitiae,
917 1168 1068 1244 quominus
1079 1169 1208 1246 juvetur,

242 1259 328 1317 niodo
343 1279 379 1318 ne
393 1259 546 1337 adjuvent;
568 1259 660 1336 sitque
682 1276 764 1314 omne
783 1257 930 1334 judicium,
944 1276 1000 1314 non
1020 1277 1107 1334 quam
1127 1258 1208 1315 loeu-

193 1353 229 1406 14
244 1349 315 1426 ples,
330 1349 382 1406 sed
396 1349 486 1425 qualis
501 1348 620 1425 quisque
634 1348 679 1405 sit.
721 1347 889 1404 Extremum
910 1353 1008 1404 autem
1029 1354 1209 1423 praeceptum

245 1438 273 1494 in
286 1438 427 1496 beneficiis
442 1457 584 1514 operaque
599 1437 702 1503 danda,
717 1455 752 1492 ne
766 1435 835 1512 quid
849 1442 948 1493 contra
962 1437 1125 1512 aequitatem
1140 1455 1209 1494 con·

245 1527 355 1594 tendas,
370 1545 405 1584 ne
419 1526 487 1602 quid
502 1546 555 1603 pro
569 1525 677 1602 injuria.
719 1525 947 1582 Fundamentum
960 1527 1033 1582 enim
1047 1533 1091 1582 est
1104 1545 1209 1602 perpe·
1312 1575 1320 1591 ‚

244 1620 303 1672 tuae
320 1614 570 1672 commendationis
591 1623 620 1672 et
643 1616 729 1672 lamas
753 1614 871 1692 justitia,
886 1615 946 1696 sine
960 1633 1017 1692 qua
1030 1615 1098 1672 nihil
1111 1621 1209 1692 potest

245 1721 308 1761 esee
322 1702 474 1761 laudabile.
867 1717 871 1726 ‘

271 1881 350 1938 XXI.
372 1879 431 1938 Sed
444 1881 576 1957 quoniam
591 1882 627 1939 de
642 1901 676 1940 eo
689 1900 793 1960 genere
814 1882 1012 1940 beneficiorum
1032 1883 1139 1940 dictum
1153 1888 1207 1952 est,

245 1989 310 2046 quas
323 1970 360 2028 ad
375 1970 500 2047 singulos
515 1979 661 2048 spectant:
677 1971 811 2048 deinceps
825 1971 861 2028 de
874 1972 915 2038 iis,
927 1991 992 2048 quae
1001 1972 1038 2029 ad
1053 1973 1207 2039 universos,

136 2123 147 2140 ¹
213 2065 231 2117 2
245 2078 366 2136 quasque
378 2059 414 2116 ad
425 2079 485 2117 rem
496 2061 638 2137 publicam
649 2061 796 2138 pertinent,
807 2061 1010 2138 disputandum
1021 2069 1072 2119 est.
1101 2061 1209 2118 Eorum

245 2157 341 2207 autem
362 2149 489 2226 ipsorum
510 2151 613 2226 partim
633 2149 773 2228 ejusmodi
787 2157 861 2217 sunt,
876 2158 909 2207 ut
923 2150 961 2207 ad
975 2150 1118 2208 universos
1132 2151 1208 2207 cives

245 2239 413 2316 pertineant,
425 2240 528 2316 partim
542 2240 668 2317 singulos
679 2246 711 2295 ut
726 2239 875 2316 attingant,
887 2259 953 2314 quae
966 2248 1032 2296 sunt
1046 2239 1130 2296 etiam
1143 2257 1207 2317 gra·

213 2335 230 2386 3
246 2329 324 2386 liora.
366 2329 470 2385 Danda
483 2322 634 2405 operaest
654 2328 775 2394 omnino,
791 2328 814 2384 si
828 2330 926 2404 possit,
942 2329 1078 2405 utrisque,
1092 2348 1143 2386 neo
1157 2328 1207 2384 mi·

244 2437 306 2486 nne,
321 2426 354 2476 ut
366 2419 450 2475 etiam
466 2418 582 2495 singulis
597 2419 776 2475 consulatur:
799 2419 850 2474 sed
863 2418 912 2484 ita,
927 2425 960 2475 ut
974 2437 1007 2475 ea
1020 2437 1065 2475 res
1079 2426 1130 2474 aut
1142 2436 1206 2493 pro-

213 2512 231 2565 4
245 2507 289 2575 sit,
305 2515 355 2565 aut
375 2515 452 2564 certe
466 2527 501 2564 ne
515 2507 590 2564 obsit
603 2509 643 2564 rei
658 2507 788 2584 publicae.
831 2507 865 2563 C.
883 2507 1006 2564 Gracchi
1025 2506 1207 2565 frumentaria

244 2596 484 2674 magnalargitio;
499 2596 683 2653 exhauriebat
693 2596 778 2674 igitur
789 2597 935 2662 aerarium
950 2597 1062 2654 modica
1072 2597 1110 2653 M.
1124 2596 1205 2654 Octa-

245 2687 290 2751 vii,
316 2693 346 2743 et
369 2687 409 2742 rei
433 2686 556 2762 publicae
576 2686 738 2752 tolerabilis,
760 2693 790 2742 et
811 2686 886 2764 plebi
907 2687 1069 2752 necessaria,
1092 2693 1207 2764 ergoet

111 2796 122 2811 ·
213 2774 351 2833 boivibus
366 2781 395 2830 et
408 2775 448 2831 rei
462 2776 582 2850 publieoe
597 2775 733 2833 salutaris.
776 2775 925 2852 Inprimis
947 2783 1042 2834 autem
1056 2775 1206 2833 videndum

246 2863 299 2920 erit
313 2863 345 2929 ei,
361 2863 482 2939 quirem
499 2864 640 2940 publicam
661 2863 876 2934 administrabit,
890 2873 924 2922 ut
937 2885 1021 2922 suum
1035 2865 1153 2942 quisque
1167 2873 1205 2922 te

214 2957 232 3010 6
246 2959 319 3020 neat,
332 2971 423 3029 neque
433 2953 470 3010 de
481 2953 561 3010 bonis
572 2953 746 3030 privatorum
762 2955 875 3030 p'ublice
889 2955 1044 3012 deminutio
1055 2955 1112 3011 fiat.
1141 2955 1205 3012 Per·

134 3097 138 3104 ,
246 3042 347 3100 niciose
362 3043 435 3101 enim
450 3044 601 3122 Philippus
615 3043 642 3100 in
654 3043 806 3109 tribunatu,
816 3063 882 3100 eum
894 3044 989 3121 legem
1002 3044 1141 3122 agrariam
1154 3043 1205 3101 fer-

246 3138 298 3199 ret,
313 3151 399 3208 quam
419 3141 514 3191 tamen
537 3133 677 3210 antiquari
696 3131 778 3189 facile
800 3151 900 3209 passus
921 3141 973 3200 est,
989 3141 1019 3190 et
1036 3135 1064 3190 in
1078 3153 1112 3192 eo
1126 3134 1205 3190 vehe-

246 3229 355 3279 menter
377 3241 407 3279 se
427 3223 607 3280 moderatum
627 3221 776 3299 praebuit:
798 3221 848 3279 sed
870 3241 936 3280 curn
947 3223 976 3279 in
990 3223 1102 3301 agendo
1122 3223 1207 3280 multa

248 3310 431 3386 populariter,
446 3319 508 3369 tum
529 3311 599 3370 illud
619 3311 702 3378 male,
717 3329 773 3368 non
794 3329 855 3368 esse
875 3311 903 3368 in
925 3313 1037 3370 civitate
1059 3312 1117 3369 duo
1137 3311 1207 3368 milia

215 3399 232 3458 'l
247 3399 400 3468 hominum,
416 3401 465 3476 qui
485 3419 546 3458 rem
566 3401 711 3458 haberent.
755 3400 890 3477 Capitalis
903 3397 1007 3468 oratio,
1022 3409 1052 3459 ot
1065 3401 1102 3458 ad
1117 3419 1206 3477 aequa-

247 3490 352 3547 tionem
374 3491 513 3548 bonorum
534 3491 696 3567 pertinens:
718 3508 775 3565 qua
790 3499 869 3566 peste
883 3509 948 3567 quae
970 3498 1064 3568 potest
1078 3510 1139 3548 esse
1152 3509 1206 3546 ma-

216 3585 233 3639 8
244 3579 315 3658 jor?
350 3581 433 3638 Hanc
453 3580 527 3638 enirn
547 3581 585 3638 ob
605 3599 719 3638 causam
741 3580 871 3646 maxime,
885 3587 919 3638 ut
933 3599 985 3638 sua
999 3586 1152 3646 tuerentur,
1167 3597 1207 3637 res

216 3674 234 3727 9
248 3668 371 3746 publicae
384 3670 569 3748 civitatesque
584 3669 745 3728 constitutae
758 3675 834 3726 sunt.
868 3669 898 3726 N
899 3687 945 3726 cnr
958 3669 1011 3728 etsi
1024 3669 1098 3727 duce
1111 3676 1207 3726 natura
