2750 4284
245 325 302 379 11⁶
358 361 362 372 .
657 337 696 376 uu
711 335 836 377 oss-rcus

293 465 442 543 exposuit:
463 465 631 522 senteutiam
649 483 686 523 ne
704 465 818 531 diceret,
832 464 992 532 recusavit;
1013 483 1100 540 quam
1122 463 1182 522 diu
1204 463 1283 541 jure

260 555 413 633 3jurando
426 553 550 610 hostium
568 561 719 622 teneretur,
733 573 789 612 non
810 573 872 612 esse
892 573 922 611 se
943 561 1111 611 senatorem.
1158 555 1279 631 Atque

293 644 362 702 illud
376 643 460 700 etiarn
476 641 506 720 (o
520 643 639 700 stultum
654 644 803 709 hominem,
818 643 919 701 dixerit
932 643 1081 720 quispiam,
1097 650 1128 700 et
1148 663 1278 720 repug-

292 740 405 792 nantem
414 733 526 790 utilitati
537 753 596 791 suae
609 732 628 812 l)
649 733 731 790 reddi
740 733 875 810 captivos,
887 733 1001 811 negavit
1011 751 1072 790 esse
1082 733 1177 790 utile:
1203 733 1275 790 illos

292 823 366 880 enim
386 822 582 879 adolescentes
603 840 664 879 esse
685 829 714 879 et
733 823 822 879 bonos
845 822 941 890 duces,
956 841 987 880 se
1007 823 1067 900 jam
1090 823 1275 880 confectum

260 919 446 970 tsenectute.
488 911 580 988 (injus
600 931 665 968 cum
686 911 820 968 valuisset
841 913 1002 979 auctoritas,
1025 912 1131 989 captivi
1151 914 1273 970 retenti
1340 963 1341 986 ,

292 1009 366 1068 sunt,
388 1001 448 1076 ipse
473 999 680 1077 Karthaginem
702 999 806 1057 rediit:
826 1019 918 1076 neque
939 1019 1004 1058 eum
1027 1001 1130 1058 caritas
1154 1002 1272 1078 patriae
1340 991 1341 998 ἶ

260 1099 277 1150 5
292 1090 413 1156 retinuit,
428 1107 479 1146 uec
494 1107 617 1146 suorum.
660 1088 761 1165 Neque
772 1108 838 1146 vero
849 1097 911 1147 tum
921 1089 1078 1167 ignorabat,
1094 1109 1125 1147 se
1140 1090 1181 1147 ad
1199 1111 1270 1147 cru-

292 1180 463 1237 delissimum
479 1179 591 1236 hostem
604 1185 633 1250 et
653 1177 690 1234 ad
705 1179 843 1255 exquisita
863 1179 1002 1256 supplicia
1022 1180 1184 1256 proticisci:
1211 1181 1269 1237 scd
1340 1237 1341 1250 ,

260 1275 278 1328 6
290 1271 337 1348 jus
350 1268 503 1346 jurandum
517 1267 741 1325 conservandum
761 1269 888 1344 putabat.
931 1270 1032 1344 Itaque
1046 1275 1117 1334 tum,
1134 1288 1208 1326 cum
1226 1270 1268 1326 vi-
1340 1269 1341 1296 ¹

292 1358 407 1437 gilandc
420 1359 582 1424 necabatur,
597 1370 658 1414 erat
668 1358 696 1414 in
710 1357 823 1414 meliore
834 1376 928 1424 cause,
941 1377 1026 1434 quam
1040 1357 1064 1414 si
1078 1357 1156 1414 domi
1170 1377 1268 1415 senex

261 1448 429 1525 'lcaptivus
445 1447 575 1523 perjurus
589 1446 741 1503 consularis
754 1447 941 1505 remansisset.
977 1448 1020 1503 At
1031 1447 1125 1513 tulte,
1138 1447 1188 1523 qui
1204 1466 1267 1505 non
1340 1447 1341 1524 l

292 1537 379 1594 modo
393 1555 448 1592 non
462 1536 601 1592 censuerit
614 1534 741 1611 captivos
761 1536 956 1604 remittendos,
972 1555 1070 1594 verum
1092 1535 1179 1592 ctiam
1202 1537 1264 1594 dis-

261 1625 418 1684 sssuaserit.
461 1624 610 1692 Quomodo
631 1625 743 1682 stulte?
763 1625 885 1682 etiamne
906 1625 991 1682 sirei
1011 1623 1132 1706 publicae
1148 1627 1264 1684 condu-

292 1713 398 1770 cebat?
418 1713 518 1769 Potest
526 1721 630 1779 autem,
641 1709 719 1790 quod
730 1713 826 1771 inutile
839 1713 1011 1790 reipublicae
1024 1713 1068 1780 sit,
1079 1713 1108 1769 id
1123 1714 1263 1790 cuiquam

293 1801 346 1860 civi
359 1801 426 1858 utile
441 1802 527 1859 esse?
568 1803 709 1860 XXVIII.
731 1803 902 1860 Pervertunt
915 1803 1043 1860 homiues
1053 1821 1097 1870 ea,
1110 1821 1176 1879 quae
1189 1811 1262 1862 sunt

272 1897 274 1927 ;
292 1890 477 1948 fundamenta
492 1899 612 1959 naturae,
628 1909 693 1949 cum
706 1892 856 1949 utilitatem
871 1892 908 1950 ab
921 1893 1070 1950 honestate
1091 1893 1261 1970 sejungunt.

272 2002 276 2026 ι
294 1981 400 2037 Omnes
420 1981 495 2037 enlm
509 1981 668 2058 expetimus
688 1982 848 2049 utilitatem,
862 1979 899 2037 ad
914 1999 1033 2057 eamque
1053 1981 1189 2058 rapimur,
1204 1999 1260 2038 nec

294 2070 387 2127 facere
401 2069 481 2126 aliter
495 2070 553 2126 ullo
567 2070 653 2128 modo
667 2089 827 2146 possumus.
869 2070 946 2126 Nam
960 2070 1023 2145 quis
1044 2077 1097 2136 est,
1112 2071 1161 2146 qui
1175 2071 1260 2127 utilia

294 2159 409 2237 fugiat?
430 2167 481 2215 aut
495 2159 558 2235 quis
572 2159 675 2236 potius,
692 2159 741 2235 qui
759 2177 863 2215 canon
884 2158 1087 2216 studiosissime
1102 2177 1258 2236 persequa-

262 2249 365 2306 3tur‘?
406 2247 465 2304 Sed
479 2248 545 2324 quia
565 2267 705 2324 nusquam
726 2265 886 2323 possumus,
908 2247 960 2304 nisi
981 2247 1010 2304 in
1031 2247 1125 2314 laude,
1141 2247 1256 2316 decore,

316 2342 442 2395 onestate
459 2335 538 2393 utilia
551 2336 683 2412 reperire,
699 2343 851 2412 propterea
865 2336 913 2394 illa
927 2336 1018 2413 prima
1037 2342 1067 2394 et
1080 2355 1192 2394 summa
1204 2337 1257 2394 ha-

295 2426 414 2492 bemus;
435 2425 562 2482 utilitatis
582 2444 684 2482 nomen
704 2443 760 2482 non
779 2433 839 2482 tam
861 2424 1041 2502 splendidum
1055 2443 1141 2502 quam
1160 2445 1257 2483 neces·

288 2515 401 2572 'sarium
416 2515 554 2572 ducimus

263 2609 281 2661 4
335 2603 410 2672 Quid
434 2612 477 2660 est
500 2603 595 2680 igitur,
610 2601 711 2660 dixerit
732 2602 804 2678 quis,
826 2601 854 2658 in
874 2601 954 2679 jure
979 2601 1155 2679 jurando?
1176 2603 1256 2662 Num

295 2691 398 2749 iratum
407 2691 538 2749 timemus
546 2693 667 2750 Jovem‘?
689 2691 731 2749 At
739 2692 795 2748 hoc
804 2690 918 2767 quidem
927 2710 1074 2750 commune
1083 2699 1127 2748 et
1134 2692 1257 2752 omnium

296 2780 537 2856 philosophorum,
560 2799 616 2838 non
638 2799 737 2838 eorum
761 2779 855 2846 modo,
881 2780 928 2856 qui
953 2779 1039 2836 deum
1061 2780 1130 2838 nihil
1152 2781 1254 2839 habere

296 2868 390 2945 ipsum
410 2868 515 2946 negotii
528 2868 634 2937 dicunt,
648 2869 715 2926 nihil
731 2869 863 2926 exhibere
877 2869 965 2935 alteri,
981 2869 1032 2926 sed
1053 2887 1150 2926 eorum
1162 2869 1251 2938 etiam,
1340 2915 1341 2932 ,

296 2957 345 3034 qui
366 2957 452 3015 deum
473 2977 585 3035 semper
609 2977 693 3036 agere
714 2958 820 3034 aliquid
840 2964 870 3014 ct
890 2958 981 3015 moliri
995 2958 1100 3026 volunt,
1116 2977 1249 3035 nunquam
1340 2941 1341 3020 l

265 3055 282 3106 t
296 3059 348 3104 nec
359 3047 439 3105 irasci
448 3047 544 3114 deum,
556 3067 607 3104 nec
619 3065 728 3105 nocere.
760 3045 836 3114 Quid
846 3053 942 3104 autem
952 3047 1040 3126 iratus
1051 3047 1070 3106 J
1072 3048 1181 3124 uppiter
1189 3048 1250 3124 plus

278 3197 288 3208 ,Ἴ
297 3153 398 3192 nocere
409 3137 555 3213 potuisset,
566 3155 651 3214 quam
661 3136 757 3193 nocuit
767 3135 819 3194 sibi
829 3135 889 3211 ipse
901 3135 1030 3213 Regulus
1041 3138 1054 3194 ‘2
1077 3137 1163 3194 Nulla
1172 3137 1246 3214 igitur

265 3223 339 3282 dvis
359 3223 412 3280 fuit
434 3225 662 3302 religionisque
683 3231 793 3300 tantam
817 3223 968 3280 utilitatem
989 3232 1167 3302 perverteret.
1202 3226 1246 3282 Au

298 3330 334 3368 ne
347 3312 467 3388 turpiter
480 3314 587 3370 faceret
596 3315 617 3386 ῗἱ
643 3315 781 3378 Primum,
790 3312 905 3369 minima
915 3313 951 3370 de
962 3313 1069 3378 mansa
1085 3315 1161 3371 Num
1170 3313 1247 3392 igitur

299 3406 409 3457 tantum
423 3402 489 3458 mali
503 3391 651 3479 turpitudo
664 3403 718 3460 ista
731 3397 864 3469 habebat,
880 3409 1018 3478 quantum
1032 3403 1078 3462 ille
1093 3404 1244 3464 cruciatus?

267 3489 285 3549 '1
301 3488 411 3548 Deinde
425 3490 495 3550 illud
509 3493 594 3549 etiam
608 3492 685 3569 apud
700 3492 822 3558 Attium,

724 3579 874 3652 Freya'ata'n’
884 3579 998 3654 fidem?

403 3669 503 3744 Neque
516 3669 587 3736 drda',
601 3687 687 3742 neque
700 3669 736 3725 do
749 3669 858 3742 infideli
875 3669 1016 3743 cuiquam,
