2750 4284
175 289 214 350 '12
594 308 632 348 nn
646 307 772 348 omens

227 443 272 495 est
281 436 364 503 enim,
373 454 458 513 quam
466 436 654 513 eloquentiam
663 435 811 514 dicimus);
826 437 876 496 aed
886 445 980 496 umen
989 438 1100 498 difficile
1108 439 1193 498 dcun

194 517 198 526 ’
227 534 279 592 est,
294 533 400 601 quanm
413 545 498 603 opere
512 526 640 584 conciliet
653 527 761 584 animos
780 528 897 586 comitas
911 529 1115 606 affabilitasque
1129 547 1189 586 ser-

196 623 213 674 2
228 615 325 672 monis.
357 615 463 672 Extant
476 615 614 692 epistolae,
629 623 659 673 et
671 616 797 692 Philippi
810 616 847 674 ad
862 616 1065 683 Alexandrum,
1080 625 1111 674 et
1123 619 1188 675 An-

227 704 322 780 tipatri
329 703 366 760 ad
377 703 578 770 Cassandrum,
588 711 617 762 et
625 705 762 782 Antigoni
772 704 808 762 ad
819 705 983 782 Philippum
994 707 1090 772 filium,
1100 707 1188 765 trium

227 792 517 872 prudentissimorum,
535 791 586 870 (sio
602 793 676 849 enim
692 793 874 870 accepimus)
889 795 992 870 quibus
1010 795 1185 872 precipiunt,

227 889 261 940 ιιι
283 882 407 940 oratione
427 881 551 959 benigna
573 881 761 938 multitudinis
780 882 887 939 ammos
906 883 944 940 ad
969 883 1187 942 benivolentiam

195 978 212 1030 3
227 971 358 1037 alliciant,
369 970 526 1047 militesque
540 970 644 1028 blande
654 971 824 1047 appellando
834 971 976 1032 deliniant.
1005 975 1077 1042 Quae
1087 981 1185 1032 autem

227 1061 256 1118 in
269 1059 448 1119 multitudine
462 1079 527 1118 cum
544 1059 720 1117 contentione
740 1059 862 1118 habetur
874 1062 971 1130 oratio,
986 1081 1020 1120 ea
1034 1081 1111 1140 saepe
1124 1063 1186 1121 uni·

194 1155 214 1208 4
227 1169 338 1209 versam
351 1150 463 1209 excitat.
492 1150 598 1227 Magna
607 1156 651 1207 est
665 1149 738 1206 enim
748 1148 896 1208 admiratio
906 1151 1019 1228 copiose
1032 1153 1186 1229 sapienter·

228 1260 283 1318 que
297 1239 432 1300 dicentis:
455 1257 541 1316 quem
560 1238 608 1315 qui
628 1237 754 1305 audiunt,
769 1238 926 1316 intelligere
944 1241 1029 1298 etiam
1043 1248 1072 1298 et
1086 1260 1186 1319 sapere

195 1329 293 1407 bplus
316 1349 402 1406 quem
426 1336 534 1387 ceteros
558 1327 735 1386 arbitrantur.
777 1328 808 1386 Si
831 1347 898 1388 vero
918 1330 990 1386 inest
1013 1330 1042 1388 in
1061 1331 1186 1390 oratione

227 1421 314 1476 mixta
333 1418 480 1476 modestice
500 1417 635 1494 gravitas,
649 1417 717 1474 nihil
730 1417 920 1476 admirabilius
934 1419 993 1476 fieri
1007 1427 1118 1496 potest;
1138 1439 1186 1478 ec·

195 1515 282 1585 lique
295 1508 395 1584 magis,
411 1506 434 1562 si
448 1525 481 1562 ea
494 1512 561 1562 sunt
580 1506 608 1562 in
627 1505 815 1565 adolescente.
857 1507 925 1575 Sed,
940 1523 1006 1566 oum
1028 1509 1083 1568 sint
1103 1509 1183 1584 plura

129 1607 131 1614 ’
227 1615 375 1654 causarum
395 1613 507 1672 genera,
523 1613 588 1670 quae
609 1594 797 1671 eloquentiam
818 1596 986 1664 desiderent,
1001 1598 1138 1674 multique
1158 1598 1187 1655 in

226 1692 322 1742 nostre
335 1703 366 1742 re
380 1683 494 1760 publica
504 1682 697 1740 adolescentes
708 1691 738 1742 et
747 1686 825 1762 apud
836 1685 955 1762 judices,
967 1694 996 1744 et
1006 1687 1083 1764 apud
1095 1706 1186 1764 popu-

226 1775 295 1840 lum,
310 1781 339 1830 et
352 1772 430 1849 apud
444 1779 575 1829 senatum
589 1772 709 1830 dicendo
722 1773 836 1832 laudem
851 1775 973 1832 assecuti
986 1776 1049 1842 sint,
1064 1776 1186 1833 maxima

195 1864 212 1923 'l
226 1870 270 1922 est
284 1862 430 1920 admiratio
443 1861 472 1919 in
483 1862 612 1940 judiciis:
635 1881 755 1940 quorum
769 1864 840 1921 ratio
854 1864 961 1941 duplex
974 1872 1025 1923 est.
1060 1866 1089 1921 N
1090 1884 1135 1922 am
1149 1885 1186 1922 ex

226 1952 403 2011 accusatione
413 1959 442 2011 et
452 1952 613 2010 defensione
623 1960 750 2010 constat:
764 1972 883 2030 quarum
897 1953 949 2010 etsi
963 1953 1128 2012 laudabilior
1142 1961 1186 2011 est

195 2051 213 2102 8
228 2043 362 2110 defensio,
378 2051 474 2100 nmen
493 2042 578 2100 etlam
597 2042 739 2100 accusatio
752 2042 872 2118 probate
886 2061 1014 2120 persaepe
1027 2050 1079 2100 est.
1120 2043 1186 2101 Dixi

227 2133 313 2212 paulo
327 2139 391 2190 ante
405 2133 441 2190 de
457 2133 567 2190 Crasso.
609 2131 691 2189 Idem
711 2131 779 2188 fecit
798 2131 961 2189 adolescens
980 2133 1018 2190 M.
1033 2133 1183 2190 Antonine.

226 2223 319 2281 Etiam
333 2223 366 2280 P.
379 2222 495 2298 Sulpicii
508 2220 695 2298 eloquentiam
709 2221 850 2278 accusatio
863 2221 1021 2288 illustravit,
1034 2241 1098 2279 cum
1111 2223 1183 2279 sedi·

227 2313 330 2370 tiosum
344 2319 373 2370 et
386 2312 513 2370 inutilem
527 2312 625 2378 civem,
641 2311 673 2368 O.
689 2311 863 2377 Norbanum,
879 2310 906 2366 in
918 2311 1055 2387 judicium
1065 2311 1184 2370 vocavit.

194 2403 286 2462 eSed
306 2403 360 2460 hoc
375 2401 488 2479 quidem
508 2419 565 2459 non
585 2405 628 2458 est
647 2417 724 2476 saepe
743 2399 912 2466 laciendum,
927 2419 980 2457 neo
995 2419 1119 2477 unquam
1133 2401 1186 2457 nisi

226 2500 277 2550 aut
296 2492 336 2548 rei
356 2491 477 2567 publicae
498 2507 591 2556 causa,
606 2496 639 2546 ut
657 2489 683 2555 ii,
699 2498 770 2565 quos
783 2495 848 2546 ante
863 2489 938 2556 dixi;
959 2498 1010 2546 aut
1023 2489 1183 2557 ulciscendi,

225 2588 259 2638 ut
273 2581 329 2638 duo
343 2579 472 2645 Luculli;
494 2585 543 2635 aut
558 2577 710 2653 patrocinii,
723 2585 755 2634 ut
769 2597 820 2635 nos
834 2597 886 2654 pro
901 2579 1009 2644 Siculis,
1022 2598 1073 2655 pro
1087 2579 1185 2637 Sardis

225 2669 255 2726 in
268 2668 392 2725 Albucio
405 2667 506 2724 Julius.
540 2667 576 2722 In
589 2666 749 2724 accusando
764 2667 845 2724 etiem
862 2667 910 2726 M'.
926 2665 1051 2743 Aquillio
1065 2669 1097 2726 L.
1112 2668 1185 2726 Fufii

176 2763 212 2816 10
227 2757 339 2834 cognite
352 2756 489 2812 industria
502 2762 554 2813 est.
584 2755 679 2812 Semel
692 2755 786 2832 igitur,
800 2763 849 2813 aut
862 2775 919 2814 non
932 2776 1009 2832 saepe
1021 2764 1104 2815 certe.
1134 2757 1184 2814 Sin

226 2845 288 2911 erit,
304 2845 349 2902 oui
370 2843 530 2901 laciendum
552 2844 587 2901 sit
607 2844 719 2920 saepiuS,
735 2845 775 2904 rei
795 2846 917 2921 publicae
932 2847 1037 2903 tribuat
1053 2847 1107 2904 hoc
1121 2865 1183 2903 mu·

225 2936 306 3002 narie,
322 2935 403 3012 cujus
417 2933 539 2992 inimicos
552 2934 648 2992 ulcisci
662 2934 773 3011 saepius,
783 2954 839 2991 non
853 2943 896 2992 est
909 2935 1182 3012 reprehendendum.

175 3031 209 3086 11
227 3025 330 3082 Modus
351 3032 445 3082 tamen
465 3023 547 3082 adsit.
589 3024 659 3081 Duri
678 3025 752 3081 enim
765 3024 892 3091 hominis,
907 3025 952 3081 vel
966 3025 1060 3101 potius
1073 3025 1119 3082 vix
1132 3026 1181 3082 ho·

175 3121 211 3174 12
225 3113 313 3180 minis,
326 3113 443 3180 videtur,
456 3114 611 3190 periculum
623 3113 722 3190 capitis
735 3113 835 3170 inferre
849 3113 953 3170 multis
983 3115 1019 3171 Id
1033 3134 1098 3172 cum
1112 3114 1182 3191 peri·

153 3225 156 3232 ·
226 3203 353 3261 culosum
367 3203 420 3279 ipsi
431 3209 483 3270 est,
495 3210 556 3259 tum
570 3202 655 3260 etiam
667 3202 811 3260 sordidum
823 3202 858 3258 ad
873 3203 987 3270 famam,
1000 3203 1182 3270 committere,

225 3299 258 3350 ut
272 3299 420 3349 accusator
433 3291 593 3348 nominare:
615 3291 691 3366 quod
707 3292 825 3368 contigit
838 3293 877 3348 M.
893 3292 991 3359 Bruto,
1007 3311 1118 3349 summo
1132 3309 1180 3368 ge-

226 3401 292 3439 nere
314 3387 389 3446 neto,
405 3381 478 3437 illius
500 3380 564 3446 filio,
580 3380 628 3455 qui
648 3380 719 3457 juris
739 3381 825 3437 civilis
843 3381 871 3438 in
890 3381 986 3458 primis
1001 3381 1134 3456 peritusi
1153 3380 1181 3436 ἰ.

176 3477 211 3529 13
227 3472 326 3547 Atque
340 3470 424 3527 etiam
439 3469 493 3526 hoc
508 3477 685 3546 praeoeptum
700 3463 781 3526 officii
796 3469 944 3547 diligenter
964 3468 1117 3527 tenendum
1130 3476 1181 3534 est,

226 3579 261 3618 ne
272 3578 356 3635 quem
368 3577 493 3634 unquam
502 3559 678 3617 innocentem
691 3558 797 3635 judicio
808 3559 906 3636 capitia
917 3577 1058 3616 arcessas:
1072 3558 1102 3616 id
1110 3557 1183 3614 enim

176 3653 213 3706 14
227 3650 285 3704 sine
297 3649 401 3706 scelere
412 3649 471 3705 fieri
485 3649 563 3705 nullo
577 3655 661 3724 pacto
675 3654 777 3724 potest.
807 3647 882 3704 Nam
893 3648 961 3722 quid
972 3656 1016 3705 est
1029 3654 1089 3704 tam
1102 3646 1183 3703 inhu-
