2648 4288
180 337 219 396 18
593 351 631 390 nn
653 349 780 392 crr1cns

196 484 216 538 4
269 479 306 538 Id
328 486 424 538 antem
443 479 537 558 ipsum
557 480 681 538 cernitur
694 481 722 536 in
737 479 859 545 duobus,
874 477 898 535 si
912 487 942 536 et
956 475 1050 536 solnm
1062 477 1100 546 id,
1116 477 1212 556 qnod

229 570 380 627 honestum
394 569 438 635 sit,
454 571 559 627 bonum
570 569 689 646 judices,
701 576 731 626 et
744 569 780 626 ab
794 568 870 626 omni
883 568 967 624 animi
981 568 1212 644 perturbatione

197 665 214 716 t
228 658 299 716 liber
312 659 358 716 sis.
400 659 476 716 Nam
498 666 527 716 et
549 677 591 725 ea,
607 677 673 734 quae
687 658 787 715 eximia
807 657 949 734 plerisque
963 665 993 714 et
1004 657 1147 734 praeclara
1164 657 1212 714 vi-

228 747 338 816 dentur,
364 767 452 825 parva
475 748 589 814 ducere,
610 766 700 824 eaque
724 747 832 804 ratione
856 746 949 804 stabili
970 746 1106 822 firmaque
1129 765 1210 804 con·

228 845 362 905 temnere,
377 838 458 896 fortis
481 837 567 896 animi
587 838 739 914 magnique
760 836 924 894 ducendum
944 843 1005 894 est:
1027 842 1057 892 et
1070 853 1112 902 ea,
1130 855 1211 912 quaa

229 927 361 985 videntur
382 929 492 993 acerba,
507 945 573 1003 quae
593 926 684 983 multa
703 933 733 984 et
752 926 830 983 varia
849 926 877 983 in
900 926 1045 982 hominum
1059 926 1117 982 vita
1140 926 1208 983 for·

229 1023 353 1091 tuncque
367 1023 523 1082 versantur,
538 1015 578 1072 ita
599 1014 682 1082 ferre,
696 1023 729 1073 ut
751 1015 820 1072 nihil
842 1033 860 1071 a
882 1022 960 1072 statu
981 1021 1091 1070 natura
1103 1014 1208 1072 disoe-

229 1104 290 1172 das,
306 1103 374 1161 nihil
387 1123 405 1160 a
418 1104 557 1181 dignitate
572 1103 715 1181 sapientis,
730 1104 838 1162 robusti
858 1104 942 1161 animi
961 1110 1006 1160 est
1025 1121 1207 1180 magnaeque

197 1193 403 1252 tconstantiae.
445 1193 512 1251 Non
534 1200 577 1250 est
601 1199 698 1251 autem
720 1201 949 1260 consentaneum,
970 1193 1019 1269 qui
1039 1200 1119 1250 metu
1139 1212 1207 1250 non

228 1283 385 1362 frangatur,
400 1302 466 1342 eum
485 1283 577 1362 frangi
597 1283 769 1360 cupiditate;
790 1302 851 1351 nec,
867 1283 916 1360 qui
929 1278 1064 1340 invictum
1078 1299 1109 1339 se
1122 1300 1141 1338 a
1157 1282 1206 1340 la·

197 1371 298 1431 'lbore
322 1373 494 1452 praestiterit,
508 1373 581 1431 vinci
601 1391 619 1431 a
638 1373 794 1449 voluptate.
835 1372 929 1440 Quam
949 1372 987 1430 ob
1009 1391 1070 1430 rem
1083 1378 1113 1429 et
1130 1372 1205 1430 haec

228 1463 358 1530 videnda,
374 1472 403 1520 et
418 1464 544 1542 pecuniae
557 1463 693 1542 fugienda
706 1463 855 1540 cupiditas.
897 1463 975 1519 Nihil
989 1463 1063 1520 enim
1077 1469 1204 1520 cattam

228 1553 342 1630 angusti
356 1553 441 1610 animi
454 1560 571 1629 tamque
592 1553 680 1629 parvi,
696 1572 782 1628 quam
803 1571 898 1610 amare
912 1552 1040 1619 divitias;
1061 1552 1130 1610 nihil
1142 1552 1202 1611 ho-

229 1641 338 1697 nestius
364 1641 646 1718 magnificentiusque
670 1659 756 1718 quam
784 1642 933 1719 pecuniam
960 1649 1148 1710 contemnere,
1175 1641 1204 1700 si

229 1748 286 1786 non
299 1729 450 1800 habeas,si
464 1730 578 1796 habeas,
590 1729 628 1786 ad
638 1731 852 1789 beneficentiam
865 1731 1117 1808 liberalitatemque
1129 1750 1201 1788 con-

198 1818 310 1877 Sferre.
353 1818 488 1876 Cavenda
511 1819 597 1876 etiam
618 1826 662 1877 est
684 1821 784 1898 gloriae
804 1821 953 1898 cupiditas,
968 1827 1001 1878 ut
1021 1840 1107 1899 supra
1127 1821 1201 1880 dixi.

230 1907 322 1985 Eripit
341 1908 416 1966 enim
435 1909 603 1978 libertatem,
619 1929 672 1987 pro
686 1928 743 1986 qua
763 1911 947 1990 magnanimis
961 1911 1026 1968 viris
1040 1911 1131 1968 omnis
1145 1910 1199 1970 de·

198 2001 215 2055 9
230 1997 280 2055 bet
299 2013 361 2054 csse
382 1999 531 2058 contentio.
573 1999 634 2058 Nec
650 2019 717 2058 vero
737 2000 855 2078 imperia
869 2000 1036 2077 expetenda,
1052 2019 1086 2058 ac
1100 1999 1201 2078 potius

231 2093 358 2144 autnon
379 2087 543 2166 accipienda
563 2089 714 2159 interdum,
731 2098 781 2147 aut
802 2089 971 2167 deponenda
984 2108 1199 2167 nonnunquam.

180 2182 217 2236 10
231 2177 401 2236 Vacandum
414 2187 520 2236 autem*
532 2180 607 2236 omni
630 2187 674 2236 est
694 2179 780 2236 animi
802 2179 1021 2256 perturbatione,
1036 2199 1102 2238 cum
1115 2180 1199 2258 cupi-

230 2267 318 2326 ditate
339 2275 369 2326 et
389 2276 477 2336 metu,
492 2275 554 2344 tum
574 2269 659 2328 etiam
674 2268 842 2347 aegritudine
857 2277 885 2326 et
899 2269 1046 2346 voluptate
1067 2270 1152 2327 animi
1165 2277 1200 2328 ct

229 2357 389 2426 iracundia;
410 2365 443 2416 ut
456 2357 642 2436 tranquillitas
655 2358 741 2415 animi
751 2365 780 2416 et
793 2359 928 2416 securitas
942 2358 1024 2426 adsit,
1033 2377 1098 2436 quac
1112 2360 1198 2418 affert

179 2451 296 2505 licum
320 2448 515 2515 constantiam,
530 2457 592 2505 tum
615 2448 701 2506 etiam
725 2447 901 2525 dignitatem.
943 2448 1027 2507 Multi
1048 2457 1144 2506 autem
1165 2457 1198 2508 et

230 2545 303 2605 sunt,
319 2545 348 2595 et
367 2539 491 2604 fuerunt,
506 2538 555 2615 qui
575 2558 647 2605 eam,
661 2557 747 2614 quam
769 2537 841 2604 dico,
857 2538 1087 2614 tranquillitatem
1108 2557 1195 2616 expe·

229 2633 330 2695 tentes,
346 2646 364 2683 a
384 2627 503 2704 negotiis
525 2628 645 2704 publicis
667 2645 698 2684 se
719 2628 896 2695 removerint,
911 2629 948 2686 ad
969 2629 1114 2705 otiumque
1129 2648 1193 2707 per-

229 2715 362 2793 fugerint.
404 2716 439 2771 In
449 2715 492 2771 his
504 2721 533 2772 et
546 2716 709 2774 nobilissimi
722 2717 884 2795 philosophi
897 2717 1038 2796 longeque
1053 2719 1196 2796 principes

230 2804 385 2880 etquidem
397 2803 524 2862 homines
536 2805 625 2862 severi
638 2813 668 2863 et
681 2825 782 2884 graves
793 2825 845 2864 nec
860 2808 958 2884 poprdi
968 2826 1019 2865 nec
1033 2808 1197 2887 principum

230 2910 322 2950 mores
343 2893 417 2950 terre
439 2900 611 2970 potuerunt:
633 2895 819 2973 vixeruntque
839 2897 966 2956 nonnrdli
986 2898 1014 2954 in
1036 2897 1120 2976 agris,
1142 2898 1195 2958 de·

179 2988 215 3042 12
230 2983 325 3041 lectati
338 3002 369 3042 re
383 3001 436 3041 sua
448 2983 585 3042 familiari.
627 2984 680 3042 His
694 2985 770 3043 idem
791 2986 968 3064 propositum
980 2986 1042 3054 fuit,
1058 2987 1135 3063 quod
1148 3007 1195 3047 re-

229 3073 321 3174 gibus,
336 3080 370 3131 ut
390 3093 426 3132 ne
446 3091 503 3151 qua
524 3091 555 3131 rc
577 3081 701 3153 egerent,
717 3094 752 3133 ne
767 3075 812 3132 cui
826 3084 967 3153 parerent,
981 3076 1110 3134 libertate
1130 3084 1194 3136 ute·

229 3169 344 3220 rentur:
366 3164 448 3242 cujus
462 3164 608 3242 proprium
623 3171 666 3222 est
680 3164 719 3222 sic
733 3164 835 3233 vivere,
850 3173 883 3223 ut
896 3167 973 3224 velia.

269 3340 348 3398 XXI.
363 3341 465 3409 Quare,
474 3361 539 3398 cum
547 3343 601 3400 hcc
608 3362 756 3401 commune
765 3343 801 3401 sit
810 3346 944 3422 potentiae
952 3345 1120 3423 cupidorum
1128 3365 1194 3405 curn

231 3430 272 3500 iis,
287 3449 359 3508 quos
371 3430 438 3496 dixi,
449 3431 560 3488 otiosis:
582 3433 663 3491 alteri
683 3451 714 3490 se
727 3433 847 3510 adipisci
864 3435 894 3492 id
912 3453 996 3514 posse
1010 3436 1191 3504 arbitrantur,

230 3521 344 3607 sinopes
364 3537 483 3597 magnas
503 3520 643 3580 habeant:
665 3523 754 3589 alteri,
770 3524 794 3581 si
814 3525 940 3583 contenti
961 3525 1017 3582 sint
1037 3533 1067 3582 et
1087 3545 1147 3592 suo,
1163 3531 1193 3582 et

198 3615 326 3689 tlparvo.
368 3610 483 3686 Inque
505 3618 670 3669 neutrorum
692 3613 805 3672 omnino
827 3616 1032 3673 contemnenda
1054 3614 1192 3672 sententia

230 3705 291 3757 est:
306 3699 358 3758 sed
372 3706 401 3758 et
414 3698 521 3758 facilior
531 3705 561 3758 et
574 3701 662 3759 tutior
675 3709 705 3760 et
718 3702 817 3778 minus
825 3704 885 3761 aliis
898 3705 994 3781 gravis
1007 3710 1058 3762 aut
1071 3704 1193 3762 molesta
