2750 4284
185 321 223 376 88
599 329 637 369 nr
652 327 780 370 orrrons

238 461 384 538 inquibus
404 459 559 532 deliberare
580 458 707 517 homines
728 465 759 516 et
782 456 941 516 consultare
962 454 1001 514 de
1020 455 1111 516 officio
1131 455 1214 514 sole·

237 559 318 619 rent;
338 569 403 616 uno,
414 567 480 606 cum
494 547 665 613 dubitarent,
677 547 865 604 honestumne
877 546 906 603 id
923 551 1007 612 esset,
1017 544 1054 602 de
1064 564 1122 622 quo
1136 564 1213 623 age-

237 647 323 706 retur,
334 658 370 696 an
384 647 484 715 turpe:
506 637 602 704 altem,
618 638 724 702 utilene
738 643 869 703 essetab
883 635 996 692 inutile:
1018 634 1111 700 tertio,
1126 635 1151 691 si
1165 634 1212 701 id,

238 729 316 806 quod
331 728 455 806 speciem
475 727 594 784 haberet
614 725 733 792 honesti,
748 732 890 803 pugnaret
903 743 969 782 cum
984 742 1027 790 eo,
1041 723 1119 800 quod
1133 724 1214 780 utile

238 818 390 884 videretur,
405 835 463 893 quo
476 816 562 874 modo
576 833 610 872 ea
623 815 743 872 discerni
756 821 917 892 oporteret:
939 813 976 869 de
991 812 1104 871 duobus
1118 830 1213 889 gene-

237 908 315 965 ribus
330 907 426 984 primis
442 906 532 962 tribus
554 905 631 962 libris
651 904 817 980 explicavit:
839 903 876 960 de
889 901 974 960 tertio
988 910 1085 959 autem
1100 919 1213 979 genere

238 996 372 1072 deincep·
386 1013 417 1052 se
431 994 543 1072 scripsit
557 994 708 1060 dicturum,
724 1013 776 1050 nec
790 993 918 1059 exsolvit,
933 990 1011 1068 quod
1026 991 1207 1068 promiserat.

205 1093 223 1145 9
239 1086 323 1155 Quod
334 1103 368 1142 eo
378 1084 469 1162 magis
478 1084 572 1150 miror,
581 1083 646 1160 quia
655 1083 792 1159 scriptum
801 1101 819 1140 a
829 1081 969 1159 discipulo
977 1081 1040 1158 ejus
1048 1080 1207 1138 Posidonio

238 1182 291 1242 est,
306 1175 422 1253 triginta
442 1173 522 1230 annis
535 1173 637 1230 uixisse
651 1171 817 1238 Panaetium,
833 1178 1018 1248 posteaquam
1038 1170 1102 1228 illos
1116 1169 1209 1226 libros

187 1270 224 1323 10
239 1265 381 1323 edidisset.
423 1263 516 1332 Quem
536 1262 630 1320 locum
650 1261 736 1318 miror
750 1280 768 1317 a
781 1261 932 1318 Posidonio
948 1259 1072 1317 breviter
1085 1277 1146 1316 esse
1161 1266 1208 1315 ta·

238 1362 316 1413 ctum
329 1355 357 1411 in
367 1352 537 1429 quibusdam
550 1351 764 1417 commentariis,
776 1349 932 1426 proesertim
942 1368 1008 1406 cum
1018 1349 1131 1415 scribat,
1142 1348 1206 1405 nul·

188 1448 223 1501 11
241 1443 301 1500 lum
315 1462 377 1502 esse
388 1442 482 1500 locum
492 1441 520 1497 in
531 1448 593 1498 tota
601 1439 781 1517 philosophia
792 1447 850 1496 tam
862 1437 1058 1496 necessarium.
1090 1437 1206 1494 Minime

238 1551 306 1589 vero
320 1530 457 1587 assentior
470 1529 511 1595 iis,
526 1529 575 1605 qui
588 1536 703 1605 negant,
718 1547 784 1586 eum
805 1528 900 1586 locum
914 1547 931 1584 a
944 1527 1073 1584 Penaetio
1087 1533 1205 1604 preter·

238 1620 363 1684 missum,
374 1619 424 1674 sed
436 1618 564 1674 consulto
572 1617 710 1684 relictum,
722 1637 774 1675 nec
785 1618 897 1675 omnino
908 1615 1089 1674 scribendum
1098 1616 1204 1673 fnisse:

188 1714 223 1767 12
239 1709 304 1785 quia
324 1725 467 1782 nunquam
488 1715 585 1783 posset
605 1706 711 1763 utilitas
726 1726 792 1765 cum
812 1707 961 1764 honestate
981 1723 1117 1783 pugnare.
1159 1705 1205 1762 Dc

238 1815 295 1874 quo
310 1796 431 1853 alterum
446 1801 542 1872 potest
555 1795 661 1852 habere
675 1795 889 1862 dubitationem,
901 1795 1130 1853 adhibendumne
1143 1795 1205 1853 fue·

238 1887 275 1944 rit
299 1886 353 1942 hoc
376 1903 475 1962 genus,
501 1883 578 1960 quod
603 1884 631 1942 in
655 1885 790 1942 divisione
813 1885 932 1943 Panaetii
953 1885 1069 1942 tertium
1092 1891 1145 1951 est,
1167 1903 1206 1942 an

242 1974 325 2052 plane
340 1973 545 2031 omittendum:
567 1975 688 2032 alterum
702 1975 829 2032 dubitari
839 1993 896 2030 non
916 1980 1022 2050 potest,
1037 1973 1105 2050 qu'n
1118 1992 1135 2029 a
1148 1974 1204 2030 Pa-

113 2105 120 2115 ,
188 2069 224 2122 1³
240 2065 325 2122 metio
340 2071 505 2141 susceptum
520 2064 563 2131 sit,
579 2063 630 2122 sed
645 2063 782 2121 relictum.
825 2064 900 2121 Nam
914 2063 963 2140 qui
977 2083 993 2121 e
1007 2063 1142 2120 divisione
1155 2063 1204 2120 tri·

241 2155 347 2232 pertita
360 2154 432 2210 duas
447 2161 543 2229 partes
557 2153 716 2219 absolverit,
732 2153 797 2210 huic
820 2171 934 2211 necesse
957 2161 1001 2210 est
1022 2160 1129 2211 restare
1149 2159 1204 2210 ter·

240 2245 317 2300 tiam.
339 2244 483 2301 Praeterea
493 2243 521 2298 in
532 2250 658 2299 extremo
671 2242 744 2299 libro
752 2243 835 2299 tertio
846 2243 882 2300 de
896 2243 950 2300 hac
961 2249 1042 2319 parte
1057 2243 1205 2318 pollicetur

189 2337 226 2390 14
240 2351 271 2390 se
290 2333 424 2410 deinceps
445 2350 507 2388 esse
521 2331 673 2390 dicturum.
710 2331 833 2388 Accedit
847 2331 947 2389 eodem
968 2331 1049 2388 testis
1068 2332 1202 2408 locuples,

239 2422 416 2488 Posidonius,
430 2421 480 2498 qui
493 2421 579 2478 etiam
593 2421 691 2478 scribit
703 2421 731 2478 in
745 2421 869 2496 quadam
883 2421 1054 2498 epistola,'P.
1067 2421 1203 2478 Rutilium

241 2511 349 2568 Rufum
364 2511 457 2568 dicere
471 2510 570 2576 solere,
586 2510 634 2586 qui
648 2510 806 2566 Panaetium
820 2509 956 2576 audierat,
970 2517 1004 2566 ut
1016 2529 1100 2568 nemo
1114 2510 1204 2586 pictor

240 2607 316 2657 esset
330 2600 469 2665 inventus,
484 2599 532 2674 qui
548 2600 615 2657 Oooe
629 2599 749 2656 Veneris
769 2617 832 2655 eam
853 2607 971 2676 partem,
987 2618 1071 2675 quem
1086 2599 1202 2676 Apelles

239 2688 400 2746 inchoatam
420 2687 585 2763 reliquisset,
601 2689 761 2746 absolveret
776 2686 843 2766 (oris
858 2688 930 2746 enirn
945 2688 1127 2764 pulchritudo
1142 2689 1200 2746 reli-

240 2777 288 2853 qui
302 2776 428 2851 corporis
451 2765 579 2834 imitandi
593 2795 674 2853 spem
688 2775 848 2854 auferebat)
864 2777 903 2834 sic
917 2795 959 2844 ea,
975 2795 1038 2853 quae
1060 2777 1201 2835 Panaetius

240 2864 464 2942 praetermisisset
477 2871 507 2920 et
521 2883 575 2921 non
590 2865 762 2942 perfecisset,
778 2874 897 2943 propter
910 2885 1016 2934 eornm,
1032 2884 1097 2943 quae
1111 2867 1198 2945 perle-

243 2954 335 3022 cisset,
352 2953 545 3031 prestantium
559 2955 699 3012 neminem
714 2974 775 3026 esse
789 2963 979 3033 persecutum.

170 3143 174 3152 '
281 3132 337 3189 III.
360 3131 453 3200 Quam
464 3134 502 3191 ob
516 3151 576 3191 rem
591 3132 628 3190 de
640 3132 746 3210 judicio
756 3132 875 3190 Panaetii
884 3133 1009 3191 dubitari
1021 3152 1078 3190 non
1092 3141 1197 3210 potest:

240 3227 352 3278 rectene
366 3227 462 3277 autem
475 3222 549 3278 hanc
563 3222 674 3278 tertiam
690 3228 799 3298 partem
814 3221 852 3278 ad
863 3223 1067 3298 exquirendum
1082 3223 1199 3280 officium

210 3316 227 3368 2
243 3308 413 3386 adjunxerit,
428 3327 464 3365 an
479 3328 569 3376 secus,
585 3310 622 3366 de
642 3329 676 3367 eo
696 3311 816 3367 fortasse
831 3309 970 3387 disputari
983 3318 1086 3387 potest.
1127 3312 1156 3370 N
1157 3331 1198 3378 em

241 3399 300 3456 sive
313 3399 465 3454 honestum
479 3397 572 3455 solum
587 3399 693 3455 bonum
708 3405 761 3465 ent,
772 3407 806 3456 ut
816 3399 918 3456 Stoicis
932 3400 1044 3476 plaect;
1058 3400 1116 3458 sive
1126 3401 1197 3477 quod

240 3488 392 3546 honestum
410 3486 508 3552 estid
531 3485 571 3543 ita
593 3505 737 3544 summum
759 3488 866 3545 bonum
889 3495 941 3555 est,
963 3488 1197 3564 quemadmodum

241 3576 437 3653 Peripateticis
448 3575 549 3632 vestris
557 3575 677 3641 videtur,
687 3585 721 3632 ut
729 3576 822 3634 omnia
832 3595 868 3634 ex
876 3575 967 3633 altere
975 3586 1056 3654 parte
1067 3577 1197 3636 collocate

240 3665 287 3724 rix
306 3665 412 3724 minimi
432 3664 568 3724 momenti
589 3665 678 3728 instar
699 3665 840 3724 habeant:
862 3664 1053 3724 dubitandum
1072 3685 1130 3726 non
1149 3673 1195 3734 est,
