2648 4288
381 390 466 428 nnesa
480 391 499 429 1.
540 390 606 430 oar.
621 391 724 429 xxxin.
1018 371 1057 427 48

87 515 190 574 oddam
211 516 371 574 institutum
393 526 619 596 consequantur:
644 519 820 595 maximeque
841 517 869 575 in
889 535 924 575 eo
944 515 1004 594 ple·

87 626 162 682 nque
177 606 323 664 elaborant
336 607 362 674 ii,
377 608 426 684 qui
440 627 544 686 magna
558 609 610 666 sibi
623 614 794 687 proponunt,
810 605 938 665 obscuris
951 605 1006 663 orti

87 695 204 771 joribus.
246 695 317 753 Haeo
337 696 423 774 igitur
439 698 540 764 omnia,
556 717 621 754 oum
635 698 796 774 querimus,
811 695 880 774 quid
894 695 1003 762 doceat,
1020 695 1037 753 'l

87 784 193 861 nplecti
206 784 298 842 animo
311 793 341 842 et
355 787 524 864 cogitatione
537 787 683 846 debemus.

87 874 118 930 ln
137 875 231 951 primis
252 883 349 932 autem
370 877 599 934 constituendum
620 883 672 944 est,
693 895 765 954 quos
785 895 837 933 nos
857 882 887 933 et
906 875 1037 952 quulcs8

89 965 249 1033 evelimuS,
271 971 301 1022 et
324 965 353 1022 in
372 985 429 1042 quo
452 985 555 1043 genere
575 966 659 1023 vitae:
689 985 754 1042 quae
774 965 939 1040 deliberatio
961 971 1005 1022 est

87 1052 166 1110 ,nium
191 1053 361 1112 difficillima.
403 1055 523 1112 Ineunte
547 1056 622 1113 enim
645 1055 842 1122 adolescentie,
869 1073 935 1112 cum
958 1059 1037 1112 est9

88 1143 162 1199 xima
181 1143 357 1201 imbecillitas
377 1144 492 1210 consilii,
507 1152 568 1200 tum
582 1145 611 1201 id
626 1145 679 1201 sibi
692 1144 812 1221 quisque
831 1162 922 1221 genus
936 1149 1004 1199 aeta-

91 1231 230 1310 degendae
245 1233 397 1299 constituit,
409 1232 486 1309 quod
501 1233 622 1290 maxime
636 1233 787 1290 adamavit.
822 1234 925 1308 Itaque
939 1239 1006 1290 ante

87 1321 202 1396 plicatur
222 1321 317 1397 aliquo
340 1329 418 1378 certo
440 1324 544 1398 genere
565 1340 706 1398 cursuque
719 1321 839 1388 vivendi,
854 1339 940 1397 quam
955 1339 1005 1397 po-

87 1416 104 1474 t,
119 1409 197 1485 quod
218 1409 358 1487 optimum
377 1416 461 1477 esset,
480 1410 616 1487 judicare.
658 1411 734 1468 Nam
752 1409 829 1487 quod
851 1410 1004 1467 Herculem
1021 1415 1057 1469 10

87 1499 204 1556 odicium
221 1499 322 1557 dicunt
337 1498 381 1578 (ut
395 1506 439 1556 est
452 1498 531 1577 apud
550 1498 782 1578 Xenophontem)
797 1519 863 1556 cum
883 1499 1005 1575 primum
1039 1533 1043 1554 0

87 1590 209 1646 besceret
235 1587 325 1667 (quod
348 1596 462 1666 tempus
485 1597 624 1646 anature
644 1590 682 1646 ad
706 1590 896 1668 deligendum,
918 1607 1004 1666 quam

89 1697 158 1754 sque
179 1678 253 1735 viam
272 1678 383 1736 vivendi
404 1679 440 1736 sit
459 1678 646 1758 ingressurus,
669 1679 767 1736 datum
788 1678 844 1758 est)
865 1679 955 1737 exisse
975 1679 1004 1737 in

87 1768 227 1835 itudinem,
244 1774 330 1844 etque
354 1768 392 1826 ibi
413 1769 558 1826 sedentem
574 1769 624 1826 diu
642 1787 739 1826 secum
759 1770 937 1846 multumque
952 1770 1004 1827 du·

87 1877 154 1926 esse,
170 1877 235 1915 cum
258 1857 330 1914 duas
353 1865 480 1915 cerneret
501 1859 569 1926 vius,
591 1877 677 1914 unam
696 1858 871 1935 Voluptatis,
886 1859 1005 1915 alteram

87 1947 169 2014 tutis
184 1955 278 2004 utram
291 1947 400 2025 ingredi
413 1947 513 2004 melius
527 1954 621 2014 esset;
642 1948 696 2004 hoc
711 1948 835 2015 Herculi,
846 1947 925 2006 «lovis
940 1955 1004 2005 satu
1020 1955 1054 2007 11

86 2045 124 2102 to,
148 2037 241 2113 potuit
262 2037 381 2094 fortasse
404 2037 583 2114 contingere:
606 2037 688 2094 nobis
708 2055 763 2094 non
783 2037 860 2104 item,
876 2038 924 2114 qui
943 2038 1003 2094 imi-

87 2145 142 2192 rur,
159 2145 232 2202 quos
253 2125 354 2201 cuique
367 2125 459 2183 visum
473 2133 525 2192 est,
540 2133 627 2202 atque
646 2126 684 2183 ad
704 2143 803 2182 eorum
820 2126 914 2182 studia
927 2126 1004 2183 insti-

88 2235 158 2291 aque
172 2215 358 2291 impellimur;
379 2216 545 2292 plerumque
559 2223 664 2282 autem,
680 2221 830 2292 parentum
851 2216 1003 2291 praeceptis
1020 2221 1056 2272 la

88 2306 149 2371 iuti,
160 2305 198 2362 ad
212 2323 310 2361 eorum
321 2304 553 2362 consuetudinem
564 2323 728 2380 moremque
739 2304 913 2361 deducimur.
945 2305 1004 2361 Alii

89 2394 227 2450 ltitudiuis
245 2393 353 2471 judicio
372 2394 509 2460 feruntur,
525 2411 646 2470 quaeque
660 2394 760 2471 majori
781 2394 854 2470 parti
873 2393 1003 2469 pulcher-

89 2484 263 2551 evidentur,
279 2501 313 2540 ea
326 2483 448 2540 maxime
463 2489 572 2560 optant.
613 2483 749 2540 Nonnulli
762 2489 858 2540 tamen
872 2483 929 2541 sive
943 2483 1002 2540 leli·
1019 2489 1055 2541 13

89 2582 125 2630 ite
145 2572 279 2649 quadam,
301 2571 360 2629 sive
384 2572 510 2630 bonitate
534 2578 651 2638 naturae,
673 2555 731 2630 sile
751 2579 901 2650 parentum
922 2573 1003 2630 disci·

89 2683 124 2729 ia,
139 2669 246 2719 rectam
261 2662 327 2719 vitae
346 2662 436 2719 secuti
450 2669 516 2718 sunt
529 2662 611 2719 viem.
652 2661 792 2719 XXXIII.
815 2662 892 2719 Illud
905 2669 1002 2720 autem
1051 2675 1088 2723 sl?

89 2753 158 2808 xime
167 2771 264 2808 rarum
273 2770 362 2828 genus
369 2745 413 2807 est
421 2769 527 2817 eorum,
536 2751 583 2827 qui
592 2758 642 2808 aut
650 2751 804 2809 excellente
812 2752 914 2829 ingenii
923 2771 1001 2830 mag-

90 2843 175 2907 rdine,
187 2847 237 2898 aut
251 2841 388 2918 praeclara
401 2839 557 2898 eruditione
571 2848 657 2917 atque
672 2841 807 2908 doctrina,
820 2850 871 2899 aut
881 2851 1002 2918 utreque

92 2931 191 2998 ornati,
215 2930 338 3006 spatium
358 2929 444 2987 etiam
466 2929 639 2988 deliberandi
663 2931 832 2998 habuerunt,
846 2950 932 3008 quem
952 2950 1002 3008 po-

90 3021 179 3077 imum
192 3019 258 3076 vite
272 3037 386 3076 cursum
405 3019 485 3095 sequi
498 3019 617 3077 vellent:
639 3019 667 3076 in
681 3039 738 3096 qua
751 3018 950 3077 deliberatione
964 3019 1002 3077 ud
1016 3026 1033 3078 2

92 3130 120 3166 m
146 3109 284 3186 cujusque
306 3114 436 3165 naturam
460 3109 605 3165 consilium
629 3115 675 3165 est
698 3127 781 3165 omne
801 3109 1000 3166 revocandum.

90 3219 116 3255 m
145 3217 209 3256 cum
236 3198 264 3254 in
288 3197 427 3265 omnibus,
452 3215 518 3273 quse
543 3203 677 3276 aguntur,
702 3216 737 3254 ex
764 3217 806 3264 eo,
831 3217 888 3275 quo
915 3199 1033 3256 mod03

91 3307 157 3364 sque
177 3294 261 3345 natus
282 3292 326 3344 est
346 3285 491 3365 (utsupra
506 3285 683 3366 dictumest)
699 3288 768 3365 quid
782 3288 890 3356 deceat,
905 3289 1001 3366 exqui-

92 3397 144 3443 us;
165 3384 228 3434 tum
248 3376 277 3433 in
297 3382 358 3433 tota
372 3376 430 3432 vita
444 3369 756 3444 consenescamus>
770 3385 814 3434 est
828 3397 897 3435 cure
909 3377 1002 3454 major

91 3465 209 3534 iibenda,
230 3473 263 3522 ut
287 3459 415 3522 constare
435 3465 463 3522 in
482 3466 549 3523 vitae
572 3467 762 3543 perpetuitate
786 3467 927 3544 possimus
951 3483 1000 3521 no·

91 3563 141 3612 net
161 3554 238 3631 ipsis,
252 3573 304 3611 nec
322 3555 351 3610 in
364 3554 423 3611 ullo
437 3555 527 3612 officio
541 3555 708 3612 claudicare.
750 3555 800 3611 Ad
815 3556 888 3612 hanc
902 3560 999 3611 autem
1014 3557 1033 3611 4

93 3663 176 3701 onem
194 3643 326 3720 quoniam
346 3644 498 3701 maximam
511 3644 568 3700 rim
581 3651 685 3700 natura
697 3645 793 3710 hebet,
807 3644 921 3700 fortune
935 3660 1000 3719 pro-

92 3751 144 3790 ram
151 3751 160 3802 ;
179 3732 326 3809 utriusque
339 3733 452 3790 omnino
465 3732 597 3792 habenda
607 3732 679 3789 ratio
688 3739 733 3790 est
745 3731 774 3789 in
787 3731 939 3811 deligendo
951 3749 1000 3811 ge-
