2648 4288
139 315 181 370 40
558 331 596 368 nn
611 327 738 370 orrrcns

737 393 746 416 .

192 466 238 516 tos
261 477 323 516 esse
344 459 488 536 personis:
510 477 630 536 quarum
655 477 711 516 une
732 455 888 516 eommunis
908 462 960 524 est,
975 473 1010 514 ex
1023 472 1066 522 eo,
1081 453 1181 531 quod

192 568 290 607 omnes
314 549 465 626 participes
490 569 588 606 sumus
612 549 726 606 rationis
751 547 981 626 praestantiaeque
1008 546 1078 622 ejus,
1105 563 1180 621 qua

191 639 385 697 antecellimus
399 639 504 706 bestiis,
520 657 538 694 a
551 656 608 714 que
622 639 704 695 dmhe
725 639 877 695 honestum
897 636 1089 710 decorumque
1104 642 1175 690 tra-

193 728 277 795 hitur,
303 735 332 785 et
355 747 390 786 ex
414 746 471 804 qua
495 728 566 784 ratio
586 726 744 784 inveniendi
768 725 851 799 officii
874 724 1045 802 exquiritur:
1071 723 1175 780 altera.

160 824 177 874 8
192 825 297 884 autem,
312 837 377 894 quae
393 816 505 894 proprie
520 816 636 894 singulis
657 825 701 873 est
720 816 834 874 tributa.
875 815 917 872 Ut
931 814 1045 872 enimin
1060 831 1171 889 corpo·

192 906 270 964 ribus
291 925 404 984 magnae
427 905 666 964 dissimilitudines
687 913 761 972 sunt,
784 905 854 962 alios
869 902 997 962 videmus
1010 902 1171 960 velocitate

192 995 229 1051 ad
254 1015 378 1063 cursum,
400 995 469 1054 elios
489 995 595 1053 viribus
615 995 653 1051 ad
673 995 841 1052 luctandum
855 994 966 1060 valere;
986 993 1111 1068 itemque
1135 991 1169 1048 in

191 1085 290 1142 formis
304 1085 364 1142 aliis
378 1084 546 1163 dignitatem
559 1085 659 1152 inesse,
674 1085 734 1142 aliis
749 1091 942 1142 venustatem:
965 1082 1004 1139 sic
1018 1082 1047 1140 in
1060 1079 1173 1138 animis·

160 1180 177 1232 9
192 1175 316 1232 existunt
338 1175 460 1252 majores
481 1174 566 1232 etiam
579 1174 745 1254 varietates„
779 1173 849 1231 Erat
865 1171 893 1230 in
907 1173 940 1230 L.
956 1171 1068 1238 Crasso,
1083 1169 1111 1228 iu
1127 1170 1163 1227 L.

191 1264 326 1342 Philippo
339 1265 446 1322 multus
459 1263 556 1342 lepos:
571 1264 663 1340 major
676 1263 761 1321 etiam
774 1261 922 1340 magisque
937 1259 972 1318 de
983 1260 1122 1318 industria
1134 1258 1165 1316 in

194 1353 226 1411 O.
243 1355 368 1420 Caesare,
383 1355 415 1412 L.
431 1354 463 1412 F.
501 1353 542 1410 At
556 1353 655 1410 iisdem
676 1352 852 1430 temporibus
868 1352 897 1408 in
910 1351 949 1408 M.
965 1351 1074 1408 Scauro
1088 1357 1117 1407 et
1132 1349 1165 1406 in

191 1443 230 1501 M.
247 1445 341 1502 Druso
355 1442 534 1502 adolescente
548 1442 697 1520 singularis
712 1441 855 1508 severitas,
871 1441 899 1498 in
914 1440 946 1498 O.
962 1439 1049 1498 Laelio
1068 1439 1165 1496 multa

192 1533 325 1598 hilaritas,
339 1533 368 1588 in
388 1533 451 1609 ejus
470 1531 600 1588 familiari
623 1531 753 1608 Scipione
775 1531 891 1589 ambitio
912 1531 1011 1607 major,
1033 1529 1091 1586 vita
1111 1528 1163 1586 tri·

141 1627 177 1678 10
192 1621 268 1678 stior.
311 1621 355 1676 De
372 1620 480 1677 Graecis
501 1627 596 1676 autem
618 1618 731 1676 dulcem
746 1627 775 1676 et
788 1620 922 1685 facetum,
937 1619 1086 1697 festivique
1101 1635 1162 1675 ser·

191 1709 289 1776 monis,
314 1715 399 1785 atque
420 1709 447 1764 in
473 1708 549 1766 omni
575 1708 698 1766 oratione
726 1709 927 1776 simulatorem,
952 1727 1037 1786 quem
1066 1710 1166 1788 algnana*

193 1799 289 1856 Graeci
303 1797 489 1864 nominarunt,
502 1797 650 1856 Socratem
660 1798 837 1876 accepimus:
854 1807 952 1856 contre
961 1798 1162 1875 Pythagoram

192 1896 221 1946 et
233 1888 372 1946 Periclem
386 1881 525 1944 summam
546 1888 743 1946 anctoritatem
765 1897 932 1946 consecutos
946 1888 1004 1946 sine
1018 1888 1076 1945 ulla
1088 1887 1160 1944 hila-

141 1984 175 2036 11
191 1978 283 2034 ritate.
326 1976 469 2034 Callidum
489 1977 679 2036 Hannibalem
701 1996 737 2034 ex
757 1978 919 2045 Paenorum,
935 1995 970 2035 ex
990 1977 1092 2034 nostris
1106 1977 1160 2034 du·

192 2067 272 2125 cibus
286 2067 323 2132 Q.
340 2065 497 2125 Maximum
518 2067 680 2144 accepimus
698 2067 780 2125 facile
795 2068 895 2133 celare,
911 2075 1014 2134 tacere,
1029 2067 1159 2126 dissimu-

141 2163 176 2214 12
193 2157 259 2225 lare,
282 2157 412 2223 insidiari,
436 2157 587 2235 praeripere
608 2157 732 2214 hostium
753 2157 875 2214 consilia.
918 2158 952 2214 In
977 2176 1034 2234 quo
1055 2176 1159 2234 genere

193 2248 287 2305 Graeci
301 2247 519 2304 Themistoclem
540 2253 570 2304 et
588 2247 742 2304 Pheraeum
764 2246 897 2304 Jasonem
920 2247 1019 2304 ceteris
1041 2254 1157 2324 antepo-

191 2345 278 2404 nunt;
292 2337 320 2394 in
335 2336 488 2414 primisque
496 2343 643 2394 versutum
656 2343 685 2392 et
699 2336 831 2411 callidum
846 2336 955 2394 lactum
969 2336 1088 2403 Solonis,
1100 2336 1157 2412 qui,

190 2447 248 2503 quo
268 2434 298 2485 et
318 2427 406 2484 tutior
418 2427 476 2484 vita
497 2426 559 2503 ejus
579 2432 663 2493 esset,
678 2433 707 2482 et
721 2426 786 2502 plus
807 2426 952 2502 aliquanto
972 2426 1012 2484 rei
1034 2426 1156 2504 publicae

141 2521 176 2573 13
192 2517 349 2594 prodesset,
361 2517 454 2574 furere
465 2534 496 2572 se
507 2515 656 2572 simulavit.
690 2515 763 2572 Sunt
774 2515 818 2572 his
828 2515 873 2572 alii
884 2516 1006 2573 multum
1021 2516 1156 2593 dispares,

192 2605 332 2683 simplices
356 2613 385 2662 et
409 2604 517 2682 aperti;
538 2604 587 2680 qui
611 2603 678 2660 nihil
703 2622 739 2662 ex
763 2605 884 2672 occulto,
906 2605 973 2663 nihil
995 2605 1031 2663 de
1052 2605 1155 2664 insidiis

192 2694 335 2772 egendum
357 2701 468 2769 putant,
483 2693 607 2750 veritatis
627 2693 758 2760 cultores,
774 2695 880 2752 fraudis
894 2694 1014 2764 inimici;
1035 2696 1156 2773 itemque

192 2784 246 2850 alii,
267 2783 316 2859 qui
336 2781 447 2858 quidvis
470 2782 673 2860 perpetiantur,
696 2783 783 2842 cuivis
803 2783 971 2854 deserviant,
988 2784 1064 2854 dnm,
1080 2787 1156 2864 quod

192 2873 287 2940 velint,
303 2885 527 2949 consequantur:
549 2878 583 2928 ut
603 2871 712 2930 Sullam
732 2881 762 2931 et
779 2874 817 2932 M.
834 2875 969 2932 Crassum
984 2876 1154 2936 videbamus.

142 2969 178 3023 14
193 2964 257 3032 Quo
270 2963 299 3020 in
313 2981 417 3040 genere
431 2961 655 3020 versutissimum
668 2970 698 3020 et
718 2964 956 3041 patientissimum
976 2965 1154 3024 Lacedaemo·

191 3055 269 3111 nium
291 3054 470 3130 Lysandrum
491 3053 668 3131 accepimus;
690 3062 844 3131 contraque
866 3055 1085 3122 Callicratidam,
1109 3057 1155 3134 qui

141 3152 177 3204 15
194 3144 346 3222 preelectus
361 3143 457 3200 classis
472 3143 617 3220 proximus
637 3151 702 3221 post
722 3143 902 3221 Lysandrum
924 3144 985 3203 luit.
1027 3146 1154 3223 Itemque

191 3235 220 3291 in
234 3232 410 3312 sermonibus
424 3233 518 3300 alium,
531 3227 660 3310 quamvis
674 3242 838 3311 praepotens
852 3234 896 3301 sit,
908 3235 1026 3301 efficere,
1038 3243 1072 3293 ut
1085 3255 1154 3294 unus

193 3323 229 3380 de
251 3321 347 3378 multis
369 3337 430 3378 esse
450 3321 596 3379 videatur:
617 3322 695 3398 quod
715 3323 744 3380 in
765 3323 876 3391 Catulo,
891 3330 921 3381 et
933 3323 962 3381 in
983 3331 1072 3401 patre,
1087 3326 1154 3384 etin

141 3419 177 3472 16
192 3413 256 3480 filio,
266 3412 390 3488 itemque
398 3409 426 3467 in
437 3410 471 3478 Q.
482 3410 576 3468 Mucio
588 3410 699 3469 Mancia
706 3412 836 3471 vidimus.
878 3413 985 3471 Audivi
995 3433 1031 3472 ex
1044 3415 1152 3492 majori·

192 3503 247 3561 bus
258 3509 334 3568 natu,
350 3501 404 3557 hoc
419 3499 494 3556 idem
514 3500 601 3556 luisse
614 3500 643 3557 iu
656 3500 689 3558 P.
706 3501 836 3579 Scipione
860 3502 964 3559 Nasica
973 3521 981 3570 ;
1004 3512 1153 3580 contraque

192 3599 303 3670 patrem
317 3590 388 3668 ejus,
402 3589 490 3656 illum,
506 3589 554 3666 qui
567 3588 607 3646 lt.
624 3590 747 3649 Gracchi
761 3597 879 3648 conatus
893 3591 1020 3668 perditos
1034 3593 1152 3651 vindica-

192 3679 242 3748 vit,
265 3679 372 3751 nullam
395 3679 558 3738 comitatem
577 3678 711 3738 habuisse
734 3680 885 3738 sermonis:
909 3699 946 3738 ne
969 3681 1153 3744 Xenocratem
