2750 4284
540 359 626 400 arana
640 359 683 398 111.
725 356 790 400 oar.
805 359 834 398 v.
1153 345 1190 400 91

179 485 249 546 tatio
263 485 373 554 accidit,
388 485 472 565 quale
486 487 523 546 sit
535 453 574 555 id,
589 488 626 546 de
639 507 697 564 quo
711 486 910 546 consideretur.
951 485 1037 563 Saepe
1050 486 1138 546 euim·
1154 492 1190 546 11

178 583 307 654 tempore
321 579 362 644 iit,
374 585 414 645 ιιι,
426 577 503 654 quod
516 585 600 653 turpe
615 578 782 653 plerumque
795 575 894 633 haberi
907 575 1005 642 soleat,
1018 575 1140 634 invenia-

69 725 71 728 .
178 673 227 724 tur
245 686 302 724 non
321 686 384 724 esse
404 658 495 744 turpe.
537 667 669 743 Exempli
689 683 775 723 causa
793 671 916 743 ponatur
931 663 1046 740 aliquid,
1061 664 1139 741 quod

178 763 275 834 pateat
285 756 377 814 latius.
407 756 491 825 Quod
503 763 598 833 potest
608 755 701 832 majus
712 773 774 812 esse
783 754 883 822 scelus,
893 772 978 830 quam
988 773 1045 810 non
1053 755 1139 812 modo
1154 760 1191 814 12

178 846 327 912 hominem,
347 844 397 902 sed
418 845 503 902 etiam
523 845 688 902 familiarem
708 844 850 902 hominem
869 843 1019 900 occidere?
1061 844 1139 900 Num

177 935 263 1012 igitur
283 953 314 992 se
333 934 460 992 astrinxit
480 935 595 1001 scelere,
610 933 696 1011 siqui
715 941 865 1011 tyrannum
884 933 995 1000 occidit,
1010 933 1139 1010 quamvis

177 1024 364 1082 familiarem?
405 1024 518 1101 Populo
538 1023 653 1099 quidem
675 1024 804 1080 Romano
824 1040 881 1080 non
900 1021 1020 1088 videtur,
1035 1022 1083 1099 qui
1103 1041 1139 1080 ex
1154 1026 1191 1080 la

176 1113 306 1170 omnibus
321 1113 462 1189 praeelaris
476 1112 559 1170 lactis
569 1112 640 1170 illud
654 1112 874 1188 pulcherrimum
885 1110 1034 1168 existimat.
1063 1111 1141 1168 Vicit

166 1197 247 1279 ¹sergo
260 1202 366 1259 utilitas
379 1201 579 1260 honestatem?
610 1202 702 1260 Immo
712 1219 779 1260 vero
789 1200 967 1258 honestatem
978 1199 1084 1258 utilitas
1095 1206 1141 1258 est

177 1298 338 1349 consecuta.

218 1468 329 1545 Itaque,
343 1475 377 1527 ιιι
390 1467 449 1527 sine
463 1469 522 1527 ullo
540 1488 633 1527 errore
647 1467 802 1546 dijudicare
822 1466 973 1546 possimus,
988 1465 1140 1543 siquando
1155 1471 1193 1526 14

178 1559 315 1625 camillo,
330 1559 408 1636 quod
428 1559 579 1618 honestum
598 1559 791 1635 intelligimus,
806 1575 934 1636 pugnare
947 1557 976 1614 id
989 1556 1139 1624 videbitur,

178 1647 256 1724 quod
277 1649 456 1725 appellamus
474 1649 552 1716 utile,
574 1648 697 1706 formula
716 1647 848 1724 quaedam
869 1646 1065 1704 constituenda
1085 1653 1139 1715 est,

177 1755 263 1814 quam
284 1736 308 1795 si
328 1757 479 1814 sequemur
501 1738 529 1796 in
556 1738 763 1814 comparatione
783 1755 886 1804 rerum,
901 1738 938 1795 ab
958 1736 1049 1794 officio
1069 1756 1139 1794 nun·

178 1845 263 1903 quam
275 1827 449 1901 recedemus.
484 1827 546 1884 Erit
556 1835 653 1884 autem
664 1828 726 1884 haec
736 1827 858 1884 formula
868 1826 1028 1884 Stoicorum
1039 1825 1140 1884 rationi
1154 1830 1191 1885 15

178 1915 388 1993 disciplinaque
407 1916 528 1974 maxime
549 1923 754 1975 consentanea:
775 1915 989 1992 quamquidem
1003 1915 1047 1972 his
1061 1915 1139 1974 libris

178 2016 328 2082 propterea
342 2005 495 2082 sequimur,
510 2005 596 2082 quod,
612 2023 784 2082 quamquam
798 2012 827 2062 et
840 2023 858 2060 a
871 2005 1013 2062 veteribus
1027 2004 1140 2063 Acade-

177 2094 254 2152 micis
266 2102 295 2152 et
309 2114 326 2152 a
340 2095 537 2171 Peripateticis
548 2095 655 2162 vestris,
667 2094 715 2170 qui
724 2093 867 2170 quondam
878 2093 962 2150 iidem
976 2101 1063 2159 erant,
1076 2111 1139 2170 quae

177 2183 297 2241 honesta
316 2190 383 2241 sunt
403 2192 615 2261 anteponuntur
634 2185 676 2251 iis,
690 2202 755 2260 quur
776 2183 906 2239 videntur
926 2181 1024 2248 utilia;
1044 2190 1141 2240 temen

177 2272 352 2350 splendidius
366 2272 428 2330 haec
442 2273 530 2331 abeis
541 2273 725 2339 disseruntur,
740 2272 851 2348 quibus,
865 2270 1053 2347 quicquid
1074 2272 1139 2328 ho-

177 2370 329 2420 nestum
350 2370 418 2428 est,
439 2363 539 2420 idem
559 2363 660 2420 utile
680 2362 800 2428 videtur,
822 2380 891 2419 nec
911 2361 1012 2418 utile
1032 2360 1139 2437 quic·

177 2470 301 2528 quam,
323 2451 423 2528 quod
449 2471 521 2508 non
544 2451 770 2516 honestum
797 2470 883 2527 quam
908 2451 944 2507 ab
968 2449 1010 2517 iis,
1037 2449 1140 2525 quibus

177 2547 228 2598 aut
241 2541 392 2598 honestum
406 2540 511 2616 aliquid
525 2559 581 2597 non
592 2541 670 2605 utile,
680 2548 731 2598 aut
740 2540 808 2596 utile
818 2559 874 2597 non
885 2541 1044 2596 honestum.
1080 2538 1139 2595 No·
1155 2543 1191 2597 16

178 2630 221 2687 bis
235 2637 330 2686 autem
344 2637 441 2687 nostra
455 2630 612 2688 Academia
625 2648 758 2706 magnam
773 2629 913 2686 licentiam
928 2628 987 2696 dat,
1002 2635 1035 2685 ut
1049 2628 1139 2704 quod·

178 2737 289 2795 cunque
303 2719 424 2775 maxime
440 2719 585 2795 probabile
599 2725 737 2785 occurrat,
752 2719 782 2777 id
802 2728 899 2776 nostro
910 2719 975 2796 jure
993 2718 1076 2776 liceat
1089 2717 1139 2775 de·

178 2807 303 2866 iendere.
345 2807 403 2866 Sed
417 2808 503 2866 redeo
516 2808 553 2865 ad
567 2808 728 2868 formulam.

217 2985 254 3043 V.
276 2986 433 3044 Detrahere
447 2987 533 3066 igitur
545 2985 626 3044 alteri
639 2986 753 3063 aliquid,
769 2993 798 3044 et
810 2986 953 3044 hominem
967 2985 1086 3044 bominis
1098 2985 1140 3043 in-

179 3075 329 3132 commodo
349 3093 434 3132 sunm
453 3094 558 3154 augere
579 3076 770 3143 commodum,
785 3076 875 3152 magis
889 3081 934 3132 est
947 3083 1045 3133 contra
1057 3081 1139 3132 natu·

178 3183 248 3230 ram,
263 3183 349 3240 quam
362 3183 447 3231 mors,
459 3183 545 3241 quam
559 3174 720 3240 paupertas,
733 3183 818 3240 quam
833 3164 922 3231 dolor,
937 3183 1023 3241 quam
1037 3170 1139 3232 cetera,

178 3271 243 3329 quae
257 3260 376 3328 possunt
390 3259 440 3310 aut
460 3253 570 3328 corpori
584 3253 711 3310 accidere
725 3260 776 3310 aut
789 3254 874 3311 rebus
888 3254 1019 3312 externis.
1062 3255 1138 3312 Nam
1153 3259 1171 3312 1

179 3341 316 3419 principio
324 3342 397 3398 tollit
408 3342 566 3399 convictum
576 3343 732 3400 humanum
742 3351 771 3399 et
781 3343 952 3402 societatem.
975 3343 1006 3400 Si
1016 3343 1089 3402 enim
1100 3343 1140 3400 sic

180 3429 283 3486 erimus
304 3430 405 3496 affecti,
420 3437 453 3488 ut
473 3438 591 3507 propter
609 3449 693 3488 suum
706 3431 825 3507 quisque
839 3433 1060 3490 emolumentum
1075 3449 1140 3506 spo-

179 3515 228 3574 liet
239 3525 289 3574 aut
299 3517 384 3576 violet
394 3520 523 3586 alterum,
536 3518 660 3596 dirumpi
673 3537 789 3578 necesse
804 3528 848 3578 est
861 3539 933 3587 eam,
944 3539 1010 3596 qum
1020 3520 1140 3576 maxime

180 3612 226 3663 est
243 3606 399 3664 secundum
418 3616 557 3674 naturam,
573 3608 688 3670 humani
708 3610 819 3686 generis
838 3609 1010 3667 societatem.
1052 3607 1101 3673 Ut,
1116 3606 1172 3668 sia

179 3695 402 3774 unumquodque
415 3698 574 3756 membrum
587 3715 702 3756 sensum
713 3699 790 3756 hune
804 3697 932 3765 haberet,
942 3702 976 3756 ιιι
988 3713 1073 3774 posse
1086 3715 1140 3774 pu·
