2750 4284
199 273 257 328 121
612 281 651 320 nn
665 279 794 322 ornans

251 367 481 492 suppeditantem
499 411 669 489 voluptates,
689 411 879 488 depellentem
899 411 1020 468 dolores.
1061 409 1234 468 Fortitudi-

250 522 315 562 nem
329 521 442 579 quoque
456 501 551 576 aliquo
568 500 656 558 modo
674 499 836 577 expediunt,
852 520 918 558 cum
938 501 1065 568 tradunt,
1079 501 1233 558 rationem

200 599 236 652 la
251 592 432 670 negligendae
455 591 554 647 mortis
579 589 812 666 perpetiendique
836 590 948 648 doloris.
989 591 1083 647 Etiam
1107 599 1231 668 tempe·

250 682 370 740 rentiam
390 679 537 746 inducunt,
552 697 608 736 non
629 679 760 736 facillime
773 679 813 736 illi
826 679 950 756 quidem,
964 680 1016 736 sed
1036 687 1133 737 tamen
1143 699 1230 756 quo·

250 790 309 848 quo
321 770 408 828 modo
426 775 554 847 possunt.
595 769 702 826 Dicunt
722 768 804 836 enim,
819 769 972 845 voluptatis
992 769 1229 846 magnitudinem

251 860 356 918 doloris
370 859 545 917 detractione
565 858 644 916 finiri.
684 858 801 916 lustitia
813 858 937 925 vacillat,
950 858 995 916 vel
1013 859 1092 935 jacet
1111 859 1226 935 potius,

250 967 404 1026 omnesque
428 968 471 1008 eae
493 949 620 1014 virtutes,
646 966 711 1024 quae
734 948 762 1004 in
786 947 986 1004 communitate
1011 955 1167 1005 cernuntur
1190 956 1226 1005 et

200 1042 236 1096 14
250 1038 280 1097 in
293 1039 428 1097 societate
448 1039 558 1116 generis
577 1037 700 1095 humani.
742 1037 844 1113 Neque
858 1037 931 1094 enim
946 1037 1066 1103 bonitas,
1081 1056 1132 1094 nee
1147 1037 1222 1095 libe-

137 1195 140 1201 ,
250 1129 355 1196 ralitas,
376 1147 428 1186 nec
453 1128 571 1186 comitas
595 1145 656 1184 esse
680 1132 784 1202 potest,
809 1146 866 1183 non
889 1126 1061 1202 plusquam
1084 1127 1221 1192 amicitia,

250 1219 274 1276 si
296 1219 361 1278 haec
380 1238 437 1276 non
457 1238 509 1296 per
529 1236 559 1275 se
579 1223 758 1293 expetantur,
780 1216 830 1272 sed
856 1215 893 1272 ad
914 1216 1090 1292 voluptatem
1111 1215 1221 1272 utilita-

200 1312 237 1368 15
251 1315 345 1366 tcmve
369 1309 534 1366 referantur.
577 1306 762 1364 Conferamus
786 1305 873 1382 igitur
895 1305 924 1362 in
945 1324 1046 1382 pauca.
1087 1306 1163 1362 Nam
1185 1313 1222 1363 ut

251 1399 402 1456 utilitatem
422 1398 529 1454 nullam
549 1415 610 1454 esse
631 1395 787 1461 docuimus,
809 1413 874 1471 quae
893 1395 1035 1452 honestati
1055 1401 1129 1452 esset
1148 1413 1219 1452 con-

251 1487 346 1553 traria,
369 1487 408 1544 sic
434 1505 545 1543 omnem
566 1485 742 1562 voluptatem
763 1484 882 1542 dicimus
902 1484 1046 1542 honestati
1065 1503 1127 1542 esse
1146 1503 1217 1542 con·

200 1579 236 1632 16
251 1575 374 1632 trariam.
416 1575 481 1642 Quo
495 1574 587 1652 magis
601 1573 848 1651 reprehendendos
863 1575 1060 1652 Calliphanam
1078 1582 1108 1632 et
1127 1575 1218 1632 Dino·

250 1664 385 1721 maehum
406 1661 511 1739 judicu,
536 1664 585 1738 qui
609 1682 640 1720 se
664 1663 855 1740 dirempturos
883 1664 1101 1721 controversiam
1127 1671 1214 1741 puta·

250 1759 361 1821 verrunt,
376 1751 399 1809 si
418 1771 483 1808 cum
497 1753 646 1809 honestate
662 1753 847 1829 voluptatem,
863 1761 1008 1830 tamquam
1024 1775 1089 1812 cum
1101 1754 1217 1811 homine

198 1842 235 1900 l'l
250 1841 398 1920 pecudem,
419 1841 635 1918 copulavissent.
677 1842 743 1900 Non
763 1842 864 1918 recipit
883 1843 966 1899 ictam
987 1844 1216 1921 conjunctionem

249 1932 401 1998 honestas;
422 1938 597 2008 aspernatur,
612 1932 732 2008 repellit.
774 1931 835 1988 Nec
849 1952 917 1990 vcro
937 1933 999 1990 finis
1019 1934 1155 1991 bonorum
1169 1931 1216 2010 [et

247 2019 410 2099 malorum]‚
436 2021 485 2097 qui
509 2021 628 2098 simplex
652 2041 713 2079 esse
738 2021 833 2088 debet,
855 2041 890 2078 ex
914 2022 1104 2080 dissimillimis
1127 2023 1214 2080 rebus

197 2117 234 2169 18
248 2112 360 2170 misceri
384 2118 413 2168 ct
436 2111 588 2188 temperari
616 2118 720 2188 potest.
762 2109 821 2167 Sed
849 2110 886 2168 de
913 2112 968 2170 hoc
996 2113 1112 2191 (magna
1137 2112 1213 2170 enim

197 2207 293 2260 lares
309 2201 435 2280 est)alio
455 2201 518 2258 loco
537 2201 673 2277 pluribus.
715 2200 799 2256 Nunc
820 2200 857 2257 ad
877 2202 1065 2278 propositum.
1107 2202 1212 2270 Quem·

247 2290 403 2348 admodum
426 2290 520 2368 igitur,
546 2290 570 2347 si
593 2289 707 2366 quando
731 2309 774 2355 ea,
801 2308 864 2366 quae
888 2290 1002 2348 videtur
1025 2291 1138 2357 utilitas,
1159 2291 1211 2348 ho-

246 2381 350 2438 nestati
376 2387 528 2456 repugnat,
550 2379 731 2456 dijudicanda
758 2400 803 2438 res
830 2381 875 2446 sit,
897 2380 965 2437 satis
985 2388 1030 2438 est
1049 2399 1135 2457 supra
1154 2380 1211 2438 dis·

195 2475 235 2526 20
242 2455 389 2547 putatum,
431 2469 480 2526 Sin
501 2476 596 2526 autem
617 2469 740 2546 speciem
760 2470 888 2528 utilitatis
908 2470 994 2527 etiam
1007 2470 1139 2547 voluptas
1159 2470 1210 2527 ha·

246 2561 313 2617 bere
327 2559 445 2626 dicetur,
459 2559 538 2616 nulla
558 2566 656 2635 potest
676 2577 737 2616 esse
756 2560 782 2616 ei
800 2547 866 2618 cum
879 2559 1027 2616 honestate
1042 2559 1207 2637 conjunctio.

194 2653 231 2705 21
248 2648 323 2705 Nam
346 2656 380 2705 ut
404 2648 562 2705 tribuamus
590 2648 696 2726 aliquid
720 2635 868 2725 voluptati,
893 2648 1064 2706 condimenti
1089 2649 1208 2707 fortasse

234 2736 380 2804 nonnihil,
394 2736 522 2794 utilitatis
537 2744 613 2795 certe
627 2738 696 2796 nihil
710 2738 834 2797 habebit.

194 2919 231 2972 22
285 2913 385 2973 Habes
405 2933 423 2972 a
442 2921 523 2992 patre
544 2933 656 2982 munus,
672 2915 768 2974 Marce
788 2917 835 2986 fili,
849 2935 915 2974 mea
932 2916 1050 2993 quidem
1069 2917 1205 2976 sententia

245 3023 382 3083 magnum
394 3025 402 3073 ;
430 3005 481 3064 sed
505 3005 621 3083 perinde
645 3007 705 3073 erit,
726 3013 760 3064 ut
783 3006 934 3083 acceperis
976 3006 1155 3082 Quamquam
1176 3007 1205 3065 hi

246 3093 295 3151 tibi
319 3102 377 3152 tres
401 3095 464 3153 libri
487 3096 560 3154 inter
584 3095 714 3172 Cratippi
737 3095 953 3153 commentarios
974 3102 1120 3171 tamquam
1141 3095 1204 3154 hos·

193 3187 230 3239 23
246 3181 319 3259 pilea
342 3190 425 3240 erunt
445 3184 605 3262 recipiendi.
646 3184 705 3242 Sed
725 3192 766 3250 ut,
788 3185 811 3242 si
832 3185 892 3262 ipse
912 3183 1051 3242 venissem
1065 3184 1202 3254 Athenas,

246 3269 337 3348 (quod
358 3271 472 3348 quidem
494 3281 570 3330 esset
592 3273 709 3341 factum,
734 3275 787 3332 nisi
810 3293 855 3331 me
876 3273 1006 3331 emedio
1027 3292 1112 3332 cursu
1132 3273 1203 3333 clara

244 3377 315 3418 voce
335 3360 427 3437 patria
446 3359 628 3439 revocasset)
643 3362 795 3438 aliquando
815 3381 861 3420 me
874 3380 988 3440 quoque
1006 3361 1136 3420 audires:
1155 3363 1201 3433 sic,

244 3449 376 3527 quoniam
389 3449 433 3506 his
447 3449 634 3508 voluminibus
648 3450 685 3507 ad
699 3459 729 3509 te
743 3453 871 3529 prolecta
884 3471 940 3510 vox
953 3459 999 3509 est
1011 3469 1084 3519 mea,
1098 3452 1201 3512 tribues

243 3539 288 3596 his
315 3539 450 3616 temporis
478 3547 617 3616 quantum
643 3541 769 3616 poteris:
801 3541 907 3618 poteris
933 3548 1039 3606 autem,
1067 3548 1200 3619 quantum

192 3627 230 3686 24
244 3626 330 3690 volas,
372 3628 446 3685 (lum
466 3645 534 3684 vero
554 3627 727 3700 intellexero,
741 3635 770 3685 te
790 3629 849 3686 hoc.
866 3629 989 3688 scientiae
1010 3647 1114 3706 genere
1134 3647 1197 3708 gau·
