2648 4288
703 0 710 11 v
775 0 787 19 ι
822 7 868 57 μ’
946 1 948 4 ·
1020 31 1033 72 Ι
1083 0 1160 12 ⁷⁷·
1193 0 1199 2 ’
1290 38 1292 53 Ι

706 79 896 124 heutua»,

125 312 163 368 54
440 319 448 334 ¹
537 324 575 362 un
597 322 724 364 orrrcrrs

177 460 273 511 autem
296 452 430 530 ipsorum,
455 472 521 529 quae
545 453 665 510 honesta
692 459 766 520 sunt,
792 459 887 530 potest
913 451 1037 511 incidere
1061 471 1148 532 saepe

178 543 321 601 contentio
330 550 359 599 et
368 542 557 619 comparatio;
573 541 609 598 de
618 542 730 599 dnobus
738 543 863 599 honestis
874 550 971 600 utrum
981 543 1145 601 honestius:

145 639 163 690 8
178 633 227 709 qui
241 631 320 689 locus
333 649 350 686 a
364 631 494 689 Panaetio
508 638 552 688 est
565 632 779 706 praetermissus.
813 632 889 688 Nam
904 651 969 690 cum
983 632 1073 690 omnis
1088 633 1146 690 ho-

177 728 273 778 nestas
293 728 389 778 manet
407 739 424 777 a
444 720 573 798 partibus
588 728 731 796 quattuor,
748 740 868 798 quarum
883 741 939 778 una
954 722 990 780 sit
1004 722 1144 800 cognitio-

177 811 229 876 nis,
244 809 333 868 altera
354 809 569 875 communitatis,
591 809 674 866 tertia
693 811 937 888 magnanimitatis,
957 818 1059 888 quarta
1078 831 1143 869 mo-

178 899 348 956 derationis:
369 900 416 956 hae
435 899 464 956 in
478 899 629 977 deligendo
649 899 740 958 officio
754 919 831 978 saepe
844 901 961 958 interae
975 919 1142 979 comparen-

178 996 225 1046 tur
238 1007 353 1046 necesse
368 995 421 1047 est.

145 1083 164 1135 4
217 1079 316 1136 Placet
344 1078 438 1156 igitur,
463 1077 573 1155 aptiora
600 1097 662 1135 esse
689 1086 799 1136 naturas
825 1097 860 1136 ea
887 1079 985 1146 officia,
1010 1097 1075 1156 quae
1104 1099 1142 1137 ex

145 1177 163 1229 t
178 1169 387 1237 communitate,
401 1187 488 1245 quam
507 1187 549 1234 ea,
565 1187 630 1244 quae
650 1186 685 1225 ex
704 1169 861 1246 cognitione
875 1168 1032 1226 ducantur:
1054 1169 1141 1246 idque

177 1258 232 1315 hoc
246 1266 415 1336 argumento
430 1258 589 1316 confirmari
609 1264 713 1335 potest,
729 1257 815 1333 quod,
830 1257 854 1315 si
872 1258 1021 1336 contigerit
1034 1277 1068 1316 ea
1082 1259 1142 1315 vita

178 1348 305 1426 sapienti,
327 1356 360 1406 ut
380 1349 409 1406 in
429 1348 555 1406 omnium
578 1367 673 1405 rerum
693 1347 873 1405 affluentibus
894 1348 989 1424 copiiS,
1011 1347 1142 1425 quamvis

178 1439 279 1503 omnia,
294 1456 359 1513 quae
381 1438 541 1514 cognitione
562 1437 648 1514 digna
667 1437 731 1504 sint,
753 1455 863 1494 summo
884 1437 941 1494 otio
962 1455 1058 1494 secum
1079 1437 1142 1513 ipse

178 1526 336 1584 consideret
356 1533 385 1583 et
405 1526 628 1603 contempletur:
649 1535 753 1593 tamen,
770 1526 793 1584 si
813 1526 937 1584 solitudo
956 1532 1034 1583 tanta
1048 1525 1091 1593 sit,
1107 1532 1144 1584 ut

145 1615 320 1673 thominem
344 1614 439 1670 videre
463 1633 519 1670 non
542 1615 640 1691 possit,
662 1615 783 1673 excedat
802 1634 818 1672 e
839 1615 904 1672 vita.
946 1615 1142 1692 Princepsque

177 1703 301 1761 omnium
325 1702 460 1760 virtutum
480 1703 528 1760 illa
548 1704 692 1780 sapientia,
714 1724 799 1782 quam
814 1706 905 1779 σοφίαν
922 1705 1017 1762 Graeci
1036 1711 1143 1763 vocent

176 1791 396 1869 *prudentiam
418 1793 499 1860 enim,
522 1811 607 1869 quam
630 1795 723 1852 Graeci
744 1795 870 1873 φρόνησιν,
895 1795 977 1852 aliam
997 1795 1143 1871 quandam

176 1881 367 1958 intelligimus,
382 1900 448 1957 quae
468 1887 512 1939 est
531 1901 626 1940 rerum
640 1884 864 1959 expetendarum
883 1884 1141 1961 fugiendarumque

145 1971 309 2036 'lscientia;
333 1970 381 2028 illa
401 1979 496 2029 autem
519 1972 665 2049 sapientia,
688 1991 774 2049 quam
794 1973 949 2049 principem
964 1973 1030 2040 dixi,
1045 1991 1142 2030 rerum

177 2067 221 2118 est
235 2061 391 2119 divinarum
405 2069 434 2120 et
449 2063 635 2119 humanarum
650 2061 816 2138 scientiain
830 2081 886 2139 qua
900 2063 1058 2120 continetur
1070 2062 1139 2118 deo-

178 2170 242 2207 rum
256 2158 286 2208 et
298 2152 444 2209 hominum
458 2151 652 2217 communitas,
667 2158 697 2208 et
710 2151 830 2208 societas
843 2151 916 2209 inter
929 2152 1015 2228 ipsos.
1058 2151 1101 2208 Ea
1115 2150 1140 2208 si

176 2241 298 2297 maxima
318 2249 370 2307 est,
385 2248 419 2298 ut
438 2247 491 2306 est,
507 2247 582 2298 certe
602 2258 717 2297 necesse
737 2247 789 2307 est,
805 2241 882 2317 quod
902 2258 919 2296 a
938 2240 1140 2298 communitate

145 2329 299 2387 8duoatur
318 2331 449 2398 officium,
465 2330 495 2387 id
515 2349 577 2386 esse
598 2329 759 2387 maximum.
800 2330 913 2388 Etenim
931 2330 1054 2408 cognitio
1073 2348 1138 2387 con·

16 2475 19 2485 ³
48 2439 78 2499 ,¹
178 2419 381 2496 templatioque
401 2427 511 2478 naturae
532 2437 634 2477 manca
647 2419 772 2495 quodam
793 2419 879 2477 modo
901 2427 987 2496 atque
1007 2420 1140 2478 inchoata

37 2509 39 2512 ’
177 2507 222 2575 sit,
238 2509 261 2564 si
275 2511 352 2566 nulla
367 2510 440 2566 actio
453 2527 548 2565 rerum
561 2515 757 2584 consequatur.
793 2508 836 2565 Ea
849 2517 945 2566 autem
958 2509 1033 2566 actio
1046 2509 1075 2566 in
1087 2509 1138 2566 ho-

176 2598 285 2654 minum
300 2599 453 2656 commodis
464 2597 579 2660 tuendis
593 2598 715 2654 maxime
734 2597 864 2654 cernitur.
906 2598 1034 2656 Pertinet
1054 2598 1140 2675 igitur

145 2686 214 2744 9ad
236 2686 398 2743 societatem
419 2686 528 2764 generis
549 2687 672 2744 humani.
713 2686 790 2764 Ergo
811 2687 876 2744 haec
895 2687 1047 2764 cognitioni
1061 2695 1139 2744 ante-

178 2775 309 2850 ponenda
322 2782 373 2831 est.
415 2777 515 2850 Atque
534 2775 563 2832 id
584 2775 708 2851 optimus
722 2775 839 2851 quisque
854 2777 960 2853 reipsa
974 2776 1096 2834 ostendit
1110 2782 1141 2834 et

126 2869 164 2923 10
176 2862 293 2940 judicat.
336 2863 405 2931 Quis
419 2864 494 2921 enim
512 2871 556 2920 est
576 2872 635 2921 tam
649 2865 769 2940 cupidus
782 2865 811 2922 in
825 2866 1020 2942 perspicienda
1034 2885 1139 2943 cogno·

178 2953 337 3030 scendaque
358 2973 453 3010 rerum
472 2960 582 3021 natura,
597 2961 638 3020 ut,
654 2953 678 3010 si
691 2954 716 3011 ei
730 2955 862 3012 tractanti
882 2956 1140 3033 contemplantique

133 3047 137 3064 ¹
177 3061 222 3099 res
236 3044 393 3120 cognitione
405 3043 582 3121 dignissimas
593 3043 686 3101 subito
698 3044 734 3100 sit
744 3045 862 3102 allatum
877 3045 1033 3123 periculum
1044 3045 1140 3104 discri-

177 3149 301 3206 menque
321 3134 430 3208 patriae,
454 3135 499 3190 cui
519 3133 667 3190 subvenire
691 3133 878 3210 opitularique
899 3135 996 3212 possit,
1018 3154 1075 3192 non
1094 3135 1141 3192 illa

179 3221 273 3276 omnia
286 3221 425 3296 relinquat
439 3228 524 3298 atque
535 3221 658 3297 abjiciat,
670 3222 755 3279 etiam
770 3223 793 3279 si
807 3223 986 3282 dinumerare
999 3243 1030 3282 se
1044 3225 1140 3282 stellas

178 3317 228 3366 aut
239 3310 329 3366 metiri
339 3310 438 3366 mundi
448 3309 673 3386 magnitudinem
684 3330 767 3386 posse
778 3313 951 3370 arbitretur?
976 3313 1075 3390 Atque
1086 3315 1140 3372 hoc

127 3403 163 3458 11
178 3398 253 3456 idem
275 3399 305 3455 in
327 3399 460 3475 parentis
477 3399 504 3454 in
528 3398 609 3456 amici
629 3419 659 3456 re
674 3406 723 3457 aut
743 3401 868 3476 periculo
881 3402 988 3461 fecerit.
1031 3403 1141 3471 Quibus

178 3489 263 3546 rebus
291 3489 463 3567 intelligitrir,
489 3488 588 3544 studiis
616 3489 768 3565 officiisque
795 3491 920 3548 scientiae
947 3491 1142 3568 praeponenda

178 3596 240 3636 esse
262 3579 352 3635 officia
372 3577 499 3655 justitiae,
516 3595 584 3652 quae
607 3578 751 3654 pertinent
765 3579 801 3636 ad
822 3580 969 3638 hominum
983 3580 1141 3650 caritatem,

178 3686 236 3745 qua
249 3669 320 3726 nihil
331 3668 436 3726 homini
450 3685 511 3724 esse
526 3667 613 3725 debet
626 3667 775 3745 antiquius.
