2648 4288
158 303 196 360 14
572 321 609 358 nu
631 319 757 360 carrona

211 466 294 506 suum
318 447 456 525 cujusque
478 449 512 505 fit
534 467 640 516 eorum,
662 467 728 525 quea
753 455 854 505 natura
874 448 987 506 fuerant
1007 447 1179 514 communia,

179 537 288 613 tquod
309 537 409 612 cuique
429 537 538 614 obtigit,
554 538 583 595 id
603 540 721 614 quisque
742 545 843 594 teneat.
885 538 910 594 E
931 557 988 613 quo
1008 538 1107 613 siquis
1122 536 1181 593 sibi

211 633 337 702 appetet,
359 627 474 684 violabit
492 627 540 703 jus
560 629 693 684 humanas
713 626 864 684 societatis
906 626 964 684 Sed
984 625 1126 702 quoniam,
1141 634 1181 682 ut

211 715 345 792 praeclare
366 715 502 792 scriptum
522 724 567 773 est
587 735 604 772 a
624 716 753 782 Platone,
769 734 825 772 non
846 715 927 772 nobis
941 716 1034 772 solum
1055 714 1113 771 nati
1127 733 1179 771 eu-

211 823 284 874 mue,
299 812 434 880 ortusque
453 805 541 862 nostri
561 812 671 882 partem
694 803 785 881 patria
798 804 928 871 vindicat,
944 812 1056 881 partem
1076 801 1179 871 amici;

210 900 305 969 atque,
320 905 353 951 nt
373 895 468 970 placet
488 895 597 961 Stoicis,
621 911 686 970 quae
707 894 735 950 in
755 894 837 951 terris
857 894 1018 971 gignantur,
1034 892 1070 949 ad
1091 911 1181 950 usum

211 983 356 1040 hominum
378 984 471 1040 omnia
484 983 580 1050 creari,
596 982 722 1040 homines
736 990 833 1040 autem
853 982 999 1039 hominum
1014 1001 1100 1040 causa
1114 999 1180 1039 esse

211 1078 369 1150 generatos,
383 1079 417 1129 ut
430 1071 483 1149 ipsi
502 1073 573 1129 inter
588 1091 619 1129 se
639 1071 699 1128 aliis
714 1071 760 1128 alii
780 1071 915 1149 prodesse
929 1078 1059 1149 possent:
1080 1071 1108 1128 in
1121 1073 1178 1129 hoc

211 1169 343 1218 naturam
362 1161 501 1218 debemus
520 1162 622 1219 ducem
638 1161 726 1237 sequi,
742 1179 905 1218 communes
927 1160 1062 1218 utilitates
1075 1160 1105 1217 in
1118 1179 1178 1218 me·

212 1249 290 1307 dium
309 1250 418 1317 afferre,
432 1251 588 1308 mutatione
612 1251 775 1317 officiorum,
797 1249 901 1316 dando,
922 1250 1094 1327 accipiendo,
1115 1256 1179 1306 tum

211 1339 328 1406 artibus,
354 1347 415 1396 tum
440 1359 535 1416 opera,
557 1348 619 1398 tum
646 1339 838 1406 facultatibus,
864 1337 1003 1396 devincire
1033 1339 1179 1396 hominum

180 1433 198 1485 t
212 1429 285 1486 inter
299 1429 426 1486 homines
441 1429 612 1486 societatem.
654 1429 882 1486 Fundamentum
897 1435 993 1484 autem
1006 1435 1050 1485 est
1061 1427 1179 1506 justitiae

212 1516 291 1583 fides,
302 1517 331 1574 id
346 1525 391 1574 est
410 1517 551 1574 dictorum
573 1524 832 1592 conventorumque
853 1517 1010 1575 constantia
1023 1524 1052 1574 et
1065 1516 1178 1575 veritas.

212 1605 257 1662 Ex
277 1623 343 1680 quo,
358 1623 531 1680 quamquam
551 1605 606 1661 hoc
627 1605 771 1662 videbitur
790 1605 909 1663 fumasse
930 1606 1052 1684 cuipiam
1072 1605 1178 1674 durius,

212 1701 309 1750 tamen
319 1692 475 1750 audeamus
484 1693 586 1750 imitari
598 1693 718 1759 Stoicos,
730 1693 778 1770 qui
792 1694 918 1752 studiose
933 1695 1091 1771 exquinmt,
1103 1693 1180 1752 unde

212 1783 302 1839 verba
317 1781 372 1838 sint
389 1782 493 1849 ducta;
514 1781 730 1858 credamusque,
745 1770 812 1860 quia
832 1781 890 1851 fiat,
906 1783 983 1860 quod
1004 1783 1178 1852 dictumest,

213 1871 387 1946 appellatam
401 1869 496 1928 Iidem.

185 1959 202 2018 't
258 1958 317 2016 Sed
344 1959 490 2036 injustitiae
517 1978 622 2037 genera
642 1960 701 2017 duo
722 1968 805 2017 sunt:
833 1979 922 2018 unum
943 1980 1050 2029 eorum,
1071 1961 1119 2038 qui
1138 1959 1180 2018 in·

213 2049 325 2115 feruut;
346 2048 467 2105 alterum
478 2067 584 2116 eorum,
596 2049 644 2126 qui
659 2050 695 2107 ab
707 2049 748 2116 iis,
759 2050 862 2126 quibua
876 2049 1002 2118 infertur,
1014 2051 1037 2108 si
1051 2057 1179 2128 possunt,

182 2144 272 2196 Bnon
298 2136 466 2213 propulsant
488 2137 627 2214 injuriam.
678 2139 753 2194 Nam
781 2138 830 2214 qui
855 2138 960 2216 injuste
987 2141 1126 2216 impetum
1151 2139 1181 2196 in

215 2227 380 2304 quempiam
399 2227 476 2294 facit,
491 2235 542 2284 aut
562 2227 610 2294 ira,
625 2233 676 2284 aut
695 2227 789 2303 aliqua
809 2229 1020 2303 perturbatione
1040 2229 1180 2296 incitatus,

214 2316 332 2393 isquasi
351 2335 452 2373 manus
472 2317 572 2374 afferre
590 2317 703 2374 videtur
723 2317 813 2374 socio:
835 2317 884 2392 qui
904 2325 1000 2375 autem
1014 2337 1070 2376 non
1085 2318 1181 2376 defen-

215 2405 265 2472 dit,
280 2425 331 2462 neo
345 2405 463 2472 obsistit,
479 2406 502 2462 si
516 2413 620 2483 potest,
635 2406 755 2484 injuriae,
772 2412 831 2462 tam
852 2412 897 2463 est
917 2406 946 2464 in
966 2407 1042 2475 vitio,
1058 2405 1183 2484 quamsi

215 2503 346 2572 parentes
359 2502 410 2551 aut
424 2495 528 2552 amicos
541 2503 592 2551 aut
606 2495 728 2572 patriam
742 2494 863 2552 deseret.

183 2591 200 2642 9
255 2583 354 2660 Atque
367 2583 423 2641 illae
436 2584 552 2660 quidem
571 2584 769 2660 injuriaeque
787 2583 906 2641 nocendi
928 2603 1015 2642 causa
1035 2583 1072 2642 de
1086 2583 1181 2642 indus·

215 2672 269 2729 tria
290 2671 457 2738 inferuntur,
479 2691 557 2748 saepe
584 2689 601 2728 a
629 2679 709 2729 metu
730 2672 962 2748 proficiscuntur;
993 2693 1058 2732 cum
1078 2674 1109 2740 is,
1134 2673 1182 2750 qui

214 2778 315 2817 nocere
338 2761 419 2816 alteri
439 2760 553 2837 cogitat,
574 2761 663 2827 timet,
685 2779 729 2827 ne,
750 2761 802 2819 nisi
826 2760 856 2818 id
880 2762 987 2830 fecerit,
1003 2763 1064 2838 ipse
1089 2762 1182 2838 aliquo

165 2854 201 2907 1o
215 2848 353 2906 afficiatur
365 2849 551 2907 incommodo.
593 2850 747 2907 Maximam
760 2857 858 2907 autem
873 2859 984 2928 partem
999 2851 1036 2908 ad
1050 2851 1180 2928 injuriam

215 2937 375 2996 faciundam
389 2938 601 3018 aggrediuntur,
617 2946 650 2996 ut
663 2939 855 3014 adipiscantur
868 2957 909 3006 ea,
924 2960 990 3016 quea
1014 2941 1179 3017 concupive-

215 3035 297 3084 runt:
318 3027 417 3104 inquo
431 3027 498 3085 vitIo
515 3027 650 3085 latissime
664 3035 745 3104 patet
759 3028 885 3086 avaritia.
928 3029 1013 3088 VIII.
1035 3029 1179 3106 Expetun-

216 3123 264 3173 tur
286 3123 383 3173 autem
403 3117 507 3175 divitiae
528 3137 594 3174 oum
620 3118 657 3175 ad
678 3137 746 3175 usus
766 3117 832 3176 vitae
861 3117 1040 3184 necessarios,
1062 3126 1124 3175 tum
1144 3117 1180 3176 ad

184 3212 202 3266 2
217 3205 402 3282 perfruendas
413 3207 583 3284 voluptates.
625 3207 659 3264 In
673 3207 777 3284 quibus
788 3214 885 3264 autem
900 3207 992 3284 major
1005 3215 1050 3264 est
1063 3208 1179 3274 animus,

216 3294 245 3351 in
264 3293 297 3350 iis
317 3295 442 3370 pecunia
457 3295 598 3371 cupiditas
618 3301 731 3372 spectat
751 3295 788 3352 ad
808 3313 878 3372 opes
899 3303 929 3354 et
949 3295 987 3352 ad
1006 3295 1181 3374 gratificandi

216 3383 398 3442 facultatem:
420 3390 453 3440 ut
466 3401 558 3461 nuper
578 3384 617 3442 M.
633 3385 754 3441 Crassus
768 3385 900 3462 negabat,
915 3385 1001 3442 ullam
1016 3385 1084 3442 satis
1104 3403 1180 3462 mag-

216 3491 282 3530 nam
296 3472 445 3550 pecuniam
459 3491 521 3530 esse
536 3472 569 3539 ei,
584 3472 674 3549 quiin
692 3491 723 3530 re
737 3472 852 3550 publica
866 3473 998 3550 princeps
1011 3473 1097 3530 vellet
1111 3491 1179 3540 esse,

184 3567 202 3620 8
217 3563 299 3641 cujus
312 3561 451 3620 fructibus
464 3561 619 3619 exercitum
629 3562 704 3619 alere
713 3551 769 3619 non
784 3569 888 3639 posset.
930 3561 1083 3619 Delectant
1096 3561 1192 3620 etiam.

216 3651 357 3729 magnifici
375 3657 531 3729 apparatus
545 3649 667 3728 vitaeque
686 3651 781 3708 cultus
797 3669 862 3708 cum
882 3650 1023 3729 elegantia
1041 3657 1072 3709 et
1091 3649 1179 3729 copta
1234 3673 1239 3682 ¹
