2750 4284
580 272 618 312 D}
634 271 759 314 omens

191 447 198 462 .
213 401 387 478 laudentque
407 419 450 470 ea,
465 420 531 478 quae
549 400 694 460 laudanda
711 419 768 460 non
781 399 846 469 sint,
860 399 898 458 ob
911 416 983 466 eam,
999 397 1095 468 credo,
1108 417 1183 458 cau·

214 511 285 558 sam,
300 492 376 568 quod
391 491 456 548 insit
469 491 498 548 in
511 491 555 550 his
568 491 674 568 aliquid
688 491 778 569 probi,
793 490 871 567 quod
885 489 978 566 capiat
991 488 1113 566 ignaros,
1128 489 1184 566 qui

214 581 338 659 quidem,
365 580 434 658 quid
461 581 489 638 in
516 600 687 658 unaquaque
714 599 744 638 re
771 579 831 638 vitii
858 579 902 648 eit,
931 585 1073 654 nequeant
1098 579 1180 656 judi-

215 689 295 730 care.
330 671 432 746 Itaque
453 689 518 728 cum
540 682 606 728 sunt
620 670 697 728 docti
712 689 730 726 a
743 669 849 748 peritis,
864 669 1005 729 desistunt
1018 671 1100 730 facile
1113 691 1179 730 sen·

201 760 309 818 centia.
351 760 404 818 IV.
427 760 500 817 Haec
519 759 606 838 igitur
627 759 725 826 officia,
741 759 894 836 dequibus
913 760 957 817 his
975 760 1179 820 librisdissen'-

199 877 202 885 ¹
215 868 287 917 mus,
299 850 379 927 quasi
389 849 514 908 secunda
524 849 656 925 quaedem
671 850 790 908 honesta
803 869 865 908 esse
876 849 984 916 dicunt,
999 869 1054 907 non
1068 851 1179 927 sapien·

214 940 285 998 tium
296 939 382 998 modo
390 939 511 1016 propria,
522 935 572 996 sed
583 939 732 998 cumomni
742 939 887 996 hominum
896 957 998 1018 genere
1007 941 1176 998 eommunia.

216 1029 319 1106 Itaque
338 1029 381 1086 his
395 1047 501 1096 omnes,
515 1028 661 1105 inquibus
681 1035 725 1086 est
738 1028 850 1086 virtutis
870 1028 986 1096 indoles,
1001 1048 1179 1087 commoven-

183 1125 203 1180 2
216 1128 271 1178 tur.
313 1119 374 1178 Nec
389 1138 455 1176 vero
476 1138 541 1176 cum
556 1119 614 1177 duo
628 1118 708 1176 Decii
726 1125 777 1176 aut
790 1118 848 1176 duo
862 1117 1008 1195 Scipiones
1025 1119 1113 1176 fortes
1127 1119 1181 1178 viri

217 1197 480 1276 commemorentur,
495 1215 546 1266 cut
566 1228 630 1266 cum
645 1208 789 1266 Fabricius
803 1215 854 1266 out
867 1207 1008 1266 Aristides
1020 1207 1115 1285 justus
1128 1228 1178 1268 uo·

216 1300 347 1368 minatur,
362 1307 412 1356 aut
431 1299 469 1358 ab
488 1298 542 1356 illis
565 1297 743 1364 fortitudinis,
760 1305 811 1356 aut
831 1297 868 1356 ab
889 1296 933 1354 bis
951 1297 1087 1375 justitiae,
1105 1305 1180 1356 tam·

185 1396 202 1448 8
217 1409 304 1467 quam
318 1408 336 1446 a
349 1388 485 1465 sapiente,
500 1389 607 1466 petitur
620 1388 791 1464 exemplum.
827 1388 921 1446 Nemo
934 1388 1009 1446 enim
1022 1389 1125 1446 horum
1139 1388 1181 1446 sic

218 1480 338 1556 sapione,
348 1487 380 1536 ut
393 1477 548 1554 sapientem
560 1477 689 1535 volumus
710 1477 846 1554 intelligi;
868 1497 919 1535 nec
934 1477 960 1544 ii,
976 1477 1025 1554 qui
1039 1477 1181 1554 sepientes

217 1568 307 1627 habiti
320 1575 350 1624 et
364 1567 506 1634 nominati,
523 1568 561 1626 M.
579 1567 653 1625 Cato
667 1574 696 1626 et
716 1567 748 1625 (l.
764 1567 876 1634 Laelius,
892 1567 1035 1643 sapientes
1048 1568 1180 1635 luerunt:

217 1676 253 1714 ne
266 1657 305 1714 illi
316 1655 430 1731 quidem
445 1663 573 1731 septem:
596 1657 647 1714 sed
661 1676 697 1714 ex
710 1657 867 1714 mediorum
881 1656 1036 1714 officiorum
1050 1657 1180 1734 frequen-

185 1751 205 1806 4
218 1747 258 1804 tia
271 1741 479 1803 similitudinem
493 1746 635 1821 quandam
657 1747 795 1824 gerebant
808 1747 989 1824 speciemque
1002 1747 1180 1823 sapientium.

209 1827 356 1905 ‘Quocirca
377 1853 428 1892 nec
449 1835 486 1900 id,
502 1835 580 1911 quod
594 1855 660 1894 vere
679 1837 829 1896 honestum
844 1843 896 1903 est,
910 1837 955 1894 fas
969 1845 1013 1896 est
1028 1857 1093 1895 cum
1107 1837 1182 1895 utili·

203 1930 205 1943 '
218 1925 285 1984 tetis
295 1926 481 2002 repugnantia
492 1926 664 2002 comparari:
686 1926 788 1994 occid,
800 1926 877 2002 quod
889 1927 1074 1984 communiter
1084 1927 1181 2004 appel-

218 2016 313 2073 lamus
331 2015 491 2082 honestum,
507 2015 584 2091 quod
605 2015 706 2072 colitur
721 2017 759 2075 ab
774 2016 814 2082 iis,
830 2016 878 2092 qui
897 2018 1031 2075 bonosae
1045 2017 1117 2074 viros
1131 2017 1181 2074 ha·

219 2105 279 2164 beri
299 2105 406 2172 volunt,
428 2124 492 2162 cum
516 2105 712 2162 emolumentis
734 2124 860 2182 unquam
883 2114 927 2163 est
949 2107 1180 2182 comparandum.

187 2203 205 2254 t
220 2196 345 2272 Tamque
365 2195 394 2252 id
414 2196 574 2260 honestum,
589 2195 667 2270 quod
686 2195 714 2252 in
728 2202 855 2252 nostram
868 2195 1082 2274 intelligentiam
1096 2195 1180 2262 cadit,

219 2286 357 2343 tuendum
371 2284 650 2359 conservandumque
665 2285 744 2342 nobis
759 2291 810 2352 est,
825 2303 912 2360 quam
926 2285 1005 2353 illud,
1020 2285 1097 2361 quod
1118 2303 1181 2362 pro-

188 2380 212 2452 q
221 2375 281 2451 prie
295 2374 397 2432 dicitur
419 2392 540 2450 vereque
554 2383 598 2431 est
611 2375 771 2440 honestum,
783 2375 965 2450 sapientibus.
1000 2375 1095 2432 Aliter
1108 2374 1182 2432 enim

219 2457 309 2520 teneri
330 2483 386 2520 non
407 2471 509 2540 potest,
525 2463 548 2520 si
562 2483 618 2539 qua
638 2463 675 2520 ad
695 2464 828 2522 virtutem
849 2471 893 2522 est
912 2465 990 2521 facta
1010 2464 1179 2542 progressio.

221 2553 280 2611 Sed
301 2554 362 2610 haec
379 2553 493 2627 quidem
512 2552 548 2610 de
570 2553 610 2620 iis,
633 2553 681 2628 qui
701 2555 910 2612 conservatione
936 2555 1090 2612 officiorum
1111 2554 1181 2610 exis-

189 2644 212 2702 7:
221 2643 357 2699 timentur
371 2642 443 2699 boni.
486 2643 540 2710 Qui
555 2651 649 2699 autem
664 2644 758 2700 omnic
772 2644 927 2701 metiuntur
941 2643 1138 2702 emolumentis
1152 2649 1182 2700 et

207 2731 384 2796 commodis,
400 2749 490 2806 neque
505 2751 538 2788 ee
551 2731 649 2789 volunt
663 2733 874 2809 praeponderari
888 2735 1044 2800 honestate,
1060 2733 1078 2790 ii
1092 2732 1182 2790 solent

220 2821 249 2879 in
264 2820 446 2878 deliberando
465 2821 615 2878 honestum
631 2841 696 2878 cum
711 2841 752 2889 eo,
768 2822 845 2898 quod
860 2823 928 2880 utile
943 2829 1054 2899 putant,
1069 2840 1181 2899 compa·

190 2919 299 2973 durare:
321 2911 387 2969 boni
401 2910 450 2967 viri
464 2930 520 2968 non
534 2910 632 2968 solent.
667 2913 768 2988 Itaque
783 2912 920 2980 existimo,
935 2912 1102 2979 Panaetium,
1117 2931 1182 2968 cum

222 3001 332 3067 dixerit,
351 3001 478 3060 homines
502 3001 592 3058 solere
614 3001 643 3058 in
664 3001 717 3058 hac
738 3002 946 3079 comparatione
967 3001 1107 3067 dubitare,
1128 3002 1181 3059 hoc

222 3091 316 3168 ipsum
331 3091 457 3158 sensisse,
474 3092 551 3168 quod
566 3092 675 3157 dixerit,
695 3091 785 3149 solere
807 3092 901 3158 modo,
916 3111 973 3148 non
993 3091 1077 3148 etism
1101 3109 1182 3168 opor·
1199 3122 1210 3158 μ

189 3186 290 3240 Otene.
331 3181 443 3236 Etenim
463 3200 519 3238 uon
539 3181 626 3238 modo
646 3181 734 3257 pluris
754 3187 855 3258 putare
869 3180 947 3256 quod
961 3181 1031 3238 utile
1045 3180 1181 3248 videatur,

222 3287 308 3346 quam
322 3268 398 3344 quod
420 3269 580 3335 honestum,
595 3270 646 3327 sed
667 3271 728 3326 hoec
748 3270 833 3328 etiam
846 3271 919 3328 inter
932 3289 963 3328 se
977 3289 1142 3346 comparare
1155 3276 1183 3328 et

222 3359 251 3422 in
264 3358 308 3416 his
322 3357 499 3426 addubitare,
515 3358 709 3434 turpissimum
724 3367 776 3417 est.
1017 3345 1022 3354 κ

172 3533 209 3588 10
264 3528 339 3597 Quid
363 3546 433 3604 ergo
454 3534 506 3594 est,
528 3525 607 3603 quod
631 3545 834 3604 nonnunquam
858 3528 1063 3587 dubitationem
1086 3527 1183 3586 afferre

1359 3041 1364 3276 l

223 3618 314 3676 soleat
328 3617 619 3694 considerandumque
630 3616 783 3676 videatur?
819 3617 923 3686 Credo,
938 3617 1090 3694 siquando
1104 3616 1182 3676 dubi·
1358 3603 1364 3803 ¹
