2750 4284
207 347 245 410 '10
616 369 655 409 nn
676 367 804 409 osricus
869 383 874 392 «

258 493 456 572 Imperandum
470 496 555 574 deligi
574 497 680 564 solitos,
695 516 816 573 quorum
836 495 873 554 de
891 494 1000 573 justitia
1019 512 1127 572 magna
1146 498 1228 552 esset

257 584 351 662 opinio
365 585 559 644 multitudinis.
600 587 749 664 Adjuncto
763 604 838 653 vero,
852 592 886 642 ut
898 585 984 642 iidem
997 585 1082 642 etiam
1097 583 1224 659 pruden-

258 679 302 730 tes
316 673 496 741 haberentur,
511 676 579 732 nihil
594 682 663 741 erat,
678 674 756 750 quod
777 675 905 732 homines
926 675 969 731 his
988 673 1152 731 auctoribus
1165 691 1225 728 non

226 765 342 838 dpoase
368 763 501 840 consequi
524 783 555 821 se
578 764 788 821 arbitrarentur.
831 763 915 821 Omni
937 763 1023 841 igitur
1047 762 1154 818 ratione
1175 779 1222 818 co·

258 849 343 908 lenda
357 857 386 908 ot
400 851 545 910 retinenda
556 852 666 929 justitia
679 859 731 919 est,
747 860 807 909 tum
820 852 882 928 ipse
896 871 947 928 per
960 870 1031 918 sese,
1048 849 1127 928 (nam
1141 850 1224 906 aliter

256 937 366 1018 justitia
378 957 434 998 non
453 939 552 1018 esset)
567 948 629 998 tum
648 949 767 1019 propter
787 941 1034 1019 amplificationem
1055 939 1169 996 honoris
1192 944 1224 996 et

258 1026 367 1106 gloriae.

226 1200 244 1264 'l
299 1204 357 1264 Sed
378 1212 412 1266 ut
433 1207 561 1284 pecunia
581 1227 637 1266 non
659 1207 822 1285 quaerendae
845 1206 938 1264 solum
959 1207 1031 1264 ratio
1051 1213 1103 1274 est,
1120 1225 1221 1264 verum

259 1293 344 1354 etiam
365 1296 548 1364 collocandae,
563 1315 628 1373 quae
649 1304 802 1374 perpetuos
822 1304 955 1372 sumptus
975 1296 1148 1374 suppeditet,
1169 1314 1222 1352 nec

259 1383 351 1444 nolum
361 1387 540 1452 necessarios,
550 1386 601 1444 sed
610 1387 696 1444 etiam
701 1386 830 1444 liberales
841 1403 847 1440 :
862 1385 902 1442 sic
916 1379 1008 1460 gloria
1016 1392 1046 1442 et
1058 1384 1222 1460 quaerenda,

227 1476 289 1531 bct
297 1473 461 1532 collocanda
469 1475 576 1532 ratione
585 1482 636 1533 est.
663 1476 842 1550 Quamquam
851 1474 988 1550 praeclare
998 1473 1139 1540 Socrates,
1147 1474 1223 1530 hanc

260 1559 333 1618 riam
351 1561 388 1618 ad
410 1563 529 1640 gloriam
548 1565 705 1640 proximam
718 1572 748 1620 et
761 1563 841 1639 quasi
857 1563 1094 1639 compendiariam
1110 1562 1224 1620 dicebat

260 1664 330 1713 osse,
353 1649 377 1708 si
397 1651 460 1727 quis
480 1651 509 1708 id
530 1660 637 1728 ageret,
657 1659 697 1720 ut,
712 1653 802 1728 qualis
822 1651 920 1709 haberi
939 1652 1032 1719 vellet,
1054 1652 1118 1709 talis
1138 1658 1221 1710 esset.

227 1736 344 1806 attuod
368 1739 391 1796 si
412 1740 461 1816 qui
482 1740 658 1797 simulatione
679 1748 708 1798 et
729 1740 802 1798 inani
823 1742 1010 1798 ostentatione
1030 1748 1060 1799 et
1079 1742 1146 1799 ficto
1165 1760 1223 1798 non

259 1826 345 1884 modo
359 1846 495 1895 sermone,
508 1828 558 1886 sed
572 1830 657 1886 ctiam
667 1831 757 1896 vultu,
770 1831 899 1888 stabilem
911 1850 941 1888 se
954 1831 1074 1910 gloriam
1089 1831 1223 1908 consequi

209 1917 246 1974 10
260 1934 344 1994 posse
364 1925 469 1985 rentur,
486 1919 667 1977 vehementer
687 1927 790 1977 errant.
832 1921 909 1976 Vera
927 1920 1016 1998 gloria
1029 1920 1138 1977 radices
1152 1920 1220 1997 agit,

260 2011 346 2082 atque
360 2006 445 2064 etiam
464 2016 657 2086 propagatur;
680 2010 745 2067 ficta
755 2009 855 2066 omnia
872 2009 999 2067 celeriter
1012 2017 1158 2085 tamquam
1171 2009 1221 2066 flo-

261 2096 332 2153 sculi
346 2095 488 2164 decidunt,
503 2116 555 2155 uec
569 2098 732 2156 simulatum
752 2105 847 2176 potest
860 2097 1012 2174 quicquam
1033 2116 1094 2156 esse
1114 2098 1222 2156 diutur-

209 2186 243 2240 11
260 2203 337 2244 num.
372 2187 471 2244 Testes
484 2196 550 2244 aunt
565 2187 698 2264 permulti
714 2187 742 2244 in
754 2195 904 2263 utramque
919 2193 1045 2264 partem:
1067 2186 1118 2244 sed
1132 2187 1221 2244 brevi-

209 2277 245 2332 12
261 2275 327 2334 tatis
341 2294 425 2335 causa
438 2277 543 2334 familia
556 2277 680 2334 contenti
697 2276 800 2333 erimus
821 2295 884 2334 una.
927 2276 967 2332 Ti.
979 2275 1053 2333 enim
1065 2276 1221 2343 Gracchus,

260 2364 293 2422 P.
309 2366 351 2432 F,
365 2375 424 2424 tam
439 2365 489 2423 diu
501 2365 670 2433 laudabitur,
686 2365 755 2422 dum
773 2365 908 2422 memoria
921 2383 1016 2421 rerum
1030 2365 1222 2422 Romanarum

259 2455 393 2515 manebit.
434 2455 476 2512 At
490 2455 551 2533 ejus
565 2455 613 2512 filii
626 2473 677 2512 nec
692 2454 746 2512 vivi
760 2455 953 2531 probabantur
966 2453 1054 2522 bonis,
1069 2460 1099 2510 et
1118 2460 1193 2511 mort
1213 2453 1220 2466 '

262 2563 410 2604 numerum
424 2545 551 2602 obtinent
562 2544 625 2621 jure
639 2563 784 2602 caesorum.

300 2723 384 2780 XIII.
407 2721 462 2790 Qui
472 2721 559 2798 igitur
568 2719 685 2797 adipisci
695 2739 790 2778 veram
804 2721 922 2800 gloriam
933 2721 1017 2788 volet,
1026 2721 1147 2799 justitias
1157 2720 1221 2778 fun-

262 2818 348 2889 gatur
360 2810 464 2868 officiis.
506 2809 548 2864 Ea
562 2828 626 2884 quae
641 2816 742 2876 essent,
758 2810 867 2870 dictum
881 2819 924 2868 est
943 2811 971 2867 in
984 2811 1055 2868 libro
1069 2811 1220 2886 superiore.

231 2906 248 2958 2
264 2900 331 2968 Sed,
344 2907 378 2956 ut
392 2897 530 2964 IaciIIIme,
541 2897 639 2973 quales
653 2897 748 2965 simus,
759 2900 831 2957 tales
845 2919 907 2957 esse
918 2900 1071 2966 videamur,
1083 2900 1136 2957 etsi
1149 2900 1177 2957 in
1188 2917 1221 2958 co

262 2989 324 3066 ipso
338 2989 380 3046 vis
401 2987 522 3045 maxima
539 2994 591 3053 est,
606 2993 639 3044 ut
661 2987 747 3044 simus
765 2987 791 3055 ii,
807 2988 854 3064 qui
874 2988 973 3046 haberi
985 2989 1112 3055 velimus,
1127 2997 1222 3046 tamen

231 3079 397 3156 Squaedam
420 3084 565 3155 praecepta
589 3076 683 3135 danda
706 3085 780 3135 sunt.
822 3078 898 3134 Nam
919 3078 942 3135 si
966 3078 1029 3154 quis
1053 3079 1090 3136 ab
1109 3079 1222 3136 ineunte

264 3175 349 3228 aetate
363 3168 450 3225 habet
461 3185 574 3224 causam
587 3167 756 3225 celebritatis
770 3173 799 3224 et
812 3167 939 3234 nominis,
954 3174 1004 3224 aut
1017 3185 1034 3224 a
1048 3173 1129 3244 patre
1143 3186 1221 3225 acce-

264 3264 343 3334 ptam
354 3253 442 3334 (quod
452 3255 511 3322 tibi,
522 3255 561 3312 mi
572 3255 678 3322 (licere,
688 3255 808 3313 arbitror
818 3253 980 3332 contigisse)
991 3262 1042 3312 aut
1051 3255 1145 3332 aliquo
1155 3275 1223 3313 casu

264 3355 350 3424 atque
370 3347 501 3402 fortuna:
522 3345 550 3402 in
568 3344 644 3402 hunc
663 3344 736 3402 oculi
749 3345 874 3402 omnium
888 3345 1081 3422 conjiciuntur,
1096 3353 1181 3423 atque
1194 3345 1223 3404 in

265 3455 338 3501 eum,
351 3433 418 3510 quid
427 3439 503 3510 agat,
515 3432 756 3509 quemadmodum
767 3433 850 3500 vivat,
861 3433 1023 3509 inquiritur:
1038 3441 1068 3492 et
1078 3441 1223 3510 tamquam

266 3524 294 3581 in
307 3522 458 3580 clarissima
477 3522 541 3578 luce
555 3527 691 3587 versetur,
706 3522 746 3578 ita
763 3521 872 3578 nullum
892 3523 1044 3580 obscurum
1063 3529 1157 3600 potest
1171 3543 1223 3581 nec

233 3613 373 3671 4dictum
395 3611 457 3687 ejus
479 3628 541 3668 esse
560 3628 612 3666 nec
633 3610 749 3668 fectum.
790 3611 918 3678 Quorum
932 3619 1028 3668 autem
1046 3612 1137 3688 prima
1151 3620 1222 3672 aetas

267 3709 385 3780 propter
398 3699 587 3758 humilitatem
598 3705 628 3755 et
640 3699 840 3758 obscuritatem
853 3700 881 3756 in
895 3699 1039 3758 hominum
1049 3701 1221 3778 ignoratione
