2648 4288
516 377 603 418 amns
615 377 636 420 1.
678 380 745 421 oar.
760 380 815 422 xm.
1119 367 1157 426 nl

137 504 245 563 tionem
269 524 365 564 rerum
388 507 462 584 aptis
486 517 516 565 et
538 485 761 568 adcommodatis
784 509 869 568 locis:
891 510 986 568 locum
1010 518 1107 570 autem

137 595 263 662 actionis,
274 598 515 673 opportunitatem
529 599 665 675 temporis
679 617 741 656 esso
754 599 866 658 dicunt:
881 607 995 676 tempus
1009 609 1106 658 autem

138 686 254 742 actionis
274 695 467 762 opportunum
493 689 595 746 Graece
615 685 746 767 adsurgis,
762 689 862 747 Latino
883 690 1045 766 appellatur
1058 709 1104 748 oc·

138 775 221 832 casio.
262 776 310 834 Sic
324 777 364 843 fit,
379 784 412 834 ut
426 778 565 850 modestia
585 779 658 846 haec,
674 797 761 854 quam
774 779 814 836 ita
828 779 1056 856 interpretamur,
1072 783 1137 836 ull

138 863 203 931 dixi,
219 865 333 923 scientia
347 866 384 924 sit
397 868 618 944 opportunitatis
638 868 804 925 idoneorum
817 867 855 924 ad
869 868 1013 946 agendum
1032 875 1104 926 tem·

138 973 249 1030 porum.
290 955 349 1013 Sed
363 964 459 1033 potest
472 958 574 1015 eadem
587 976 649 1015 esse
664 957 824 1034 prudentiae
848 957 981 1024 definitio,
996 957 1033 1015 de
1047 965 1136 1033 quat

137 1043 273 1120 principio
294 1044 434 1103 diximus:
457 1047 511 1104 hoc
533 1053 630 1104 antem
651 1047 715 1104 loco
729 1045 766 1103 de
779 1045 972 1104 moderatione
988 1054 1017 1103 et
1031 1055 1103 1104 tem·

136 1129 264 1209 perantia
285 1142 315 1191 et
337 1153 434 1192 aarum
457 1135 594 1194 similibus
610 1137 765 1194 virtutibus
786 1137 949 1212 quaerimus.
992 1137 1103 1212 Itaque,

136 1241 202 1298 quae
230 1231 311 1281 erant
338 1224 497 1302 prudentiae
523 1225 645 1302 propria,
670 1244 723 1282 suo
749 1225 812 1282 loco
835 1225 913 1282 diota
936 1233 1019 1282 sunt:
1039 1245 1105 1302 quaa

136 1319 233 1370 autem
256 1313 358 1370 harum
372 1314 517 1379 virtutum,
538 1312 575 1371 de
596 1315 699 1390 quibus
721 1313 782 1391 jam
802 1314 852 1371 din
873 1315 1022 1390 loquimur,
1037 1335 1103 1390 quae

136 1401 278 1477 pertinent
297 1403 335 1460 ad
349 1402 556 1470 verecundiam,
572 1412 602 1460 et
615 1403 652 1460 ad
667 1421 765 1461 eorum
785 1403 1029 1480 approbationem,
1041 1404 1103 1479 qui-

136 1491 256 1548 buscum
270 1492 399 1558 vivimus,
413 1511 487 1550 nunc
511 1492 632 1550 dicenda
651 1500 726 1550 sunt.
768 1493 843 1550 Talis
868 1499 913 1550 cst
932 1492 1019 1570 igitur
1033 1494 1135 1552 ordod

134 1581 278 1638 actionum
301 1581 489 1649 adhibendus,
512 1589 552 1650 ut,
574 1582 816 1659 quemadmodum
837 1583 866 1640 in
887 1583 1012 1640 oratione
1036 1602 1103 1640 con-

134 1670 229 1736 stanti,
244 1671 282 1727 sie
303 1671 332 1727 in
345 1671 404 1727 vita
423 1671 517 1752 omnia
537 1671 593 1729 sint
614 1678 683 1748 apta
704 1672 829 1730 interae
851 1680 881 1729 et
902 1673 1102 1732 convenientia.

134 1759 229 1836 Turpe
242 1767 286 1816 est
299 1760 374 1818 enim
386 1761 524 1837 valdeque
532 1761 672 1828 vitiosum,
683 1762 712 1820 in
725 1780 757 1819 re
770 1781 870 1820 severa
883 1763 1002 1828 convivii
1016 1764 1101 1831 dicta,
1118 1761 1134 1820 'l

134 1856 184 1905 aut
197 1849 349 1907 delicatum
363 1850 485 1927 aliquem
496 1850 598 1908 inferre
609 1869 776 1910 sermonem.
805 1853 884 1909 Bene
893 1853 1026 1920 Pericles,
1037 1870 1103 1910 cnm
1117 1859 1135 1909 8

40 1973 42 1977 ,
133 1937 252 1996 haberet
272 1939 411 2016 collegam
432 1940 460 1996 in
483 1948 609 2017 praetura
628 1941 800 2017 Sophoclen,
815 1942 889 2018 iique
909 1940 946 1998 dc
961 1941 1103 1999 communi

134 2027 225 2085 officio
248 2029 452 2095 convenissent,
474 2037 503 2086 et
527 2048 597 2087 casu
619 2031 761 2087 formosus
782 2049 853 2106 puer
874 2032 1039 2107 preteriret,
1060 2030 1102 2087 di·

134 2117 276 2194 xissetque
291 2117 457 2194 Sophocles,
470 2119 495 2175 Ο
507 2137 626 2196 puerum
641 2119 803 2196 pulchrum,
814 2119 938 2176 Pericle!
972 2121 1015 2176 At
1028 2120 1102 2176 enim

134 2215 293 2284 praetorem,
319 2207 469 2285 Sophocle,
495 2207 578 2266 decet
605 2227 661 2266 non
689 2209 782 2280 solum
806 2227 915 2274 manus,
940 2207 991 2265 sed
1016 2209 1108 2264 etiam'

134 2298 231 2354 oculos
244 2299 416 2355 abstinentes
429 2297 543 2354 habere.
584 2299 684 2374 Atque
698 2298 752 2356 hoc
767 2297 842 2354 idem
864 2297 1022 2374 Sophocles
1036 2297 1102 2354 siin

133 2383 305 2444 athletarum
318 2387 482 2464 probatione
493 2386 622 2452 dixisset,
635 2388 713 2463 justa
723 2386 942 2463 reprehensione
951 2387 1100 2444 caruisset:

133 2484 214 2534 tanta
232 2477 275 2534 vis
296 2483 341 2534 est
362 2483 392 2533 et
412 2476 466 2533 loci
486 2484 515 2532 et
534 2477 679 2552 temporis,
720 2477 771 2542 Ut,
786 2475 810 2534 si
828 2476 885 2552 qui,
900 2495 966 2532 cum
986 2494 1100 2533 causam
1116 2482 1133 2534 9

134 2567 171 2625 sit
183 2574 307 2633 acturus,
322 2567 351 2623 in
364 2566 464 2624 itinere
478 2573 528 2623 eut
547 2565 576 2622 in
596 2565 788 2624 ambulatione
810 2584 907 2623 secum
930 2565 992 2641 ipse
1013 2565 1101 2622 medi·

133 2663 218 2723 tetur,
233 2663 283 2712 aut
296 2656 319 2713 si
333 2655 402 2734 quid
416 2655 492 2713 aliud
507 2655 642 2712 attentius
657 2656 772 2732 cogitet,
787 2673 844 2712 uon
857 2654 1099 2731 reprehendatur:

134 2753 165 2802 at
178 2746 232 2803 hoc
246 2745 322 2803 idem
336 2746 360 2802 si
372 2745 401 2802 in
421 2745 547 2802 convivio
570 2745 664 2811 faciat,
680 2746 850 2802 inhumanus
864 2745 1002 2811 videatur,
1017 2745 1099 2803 insci·

134 2835 173 2892 tia
196 2834 339 2911 temporis.
381 2834 440 2892 Sed
454 2853 496 2902 ea,
512 2853 577 2910 qnae
596 2834 720 2892 multum
741 2835 779 2892 ab
799 2833 974 2892 humanitate
997 2833 1153 2892 disere-10

134 2932 212 3002 pant,
227 2931 268 2991 ut,
283 2924 383 3000 siquis
404 2924 432 2982 in
454 2925 515 2982 loro
537 2931 640 2992 cantet,
662 2931 713 2981 aut
734 2924 757 2982 si
778 2943 835 3001 qna
857 2931 901 2980 est
922 2924 977 2981 alia
996 2941 1102 3001 magna

134 3015 312 3092 perversitas,
327 3014 408 3071 facile
422 3021 569 3090 apparent,
584 3033 636 3071 nec
649 3033 754 3090 magno
774 3031 861 3090 opere
881 3013 1102 3070 admonitionem

134 3113 164 3162 et
178 3111 325 3182 praecepta
338 3103 507 3160 desiderant.
540 3103 612 3171 Quae
625 3111 721 3160 antem
736 3102 962 3178 parveridcntur
975 3119 1037 3158 esse
1051 3101 1099 3164 de·
1116 3106 1151 3160 11

134 3195 209 3260 licta,
223 3212 316 3270 neque
330 3212 347 3249 a
359 3193 457 3250 multis
478 3193 597 3269 intelligi
620 3199 748 3269 possunt,
763 3193 800 3249 ab
820 3191 853 3248 iis
873 3199 917 3249 est
938 3191 1101 3268 diligentins

135 3282 342 3342 declinandum.
383 3283 425 3339 Ut
446 3282 475 3338 in
498 3281 601 3340 fidibus
623 3288 674 3338 aut
694 3281 722 3337 in
742 3281 825 3348 tibiis,
839 3281 968 3358 quamvis
982 3281 1101 3357 paulurn
1117 3285 1152 3337 12

135 3373 303 3449 discrepent,
319 3379 414 3430 tamen
432 3372 461 3429 id
476 3389 493 3428 a
507 3371 612 3429 sciente
634 3371 820 3429 animadverti
842 3371 930 3428 solet:
952 3371 990 3428 sic
1005 3369 1101 3427 viden·

86 3460 91 3470 ’
135 3463 204 3520 dum
225 3462 311 3519 estin
324 3462 391 3528 vita,
412 3481 448 3520 ne
470 3460 544 3519 sorte
565 3461 636 3537 quid
656 3461 815 3539 discrepet;
837 3461 882 3518 vel
903 3460 994 3516 multo
1016 3458 1101 3515 etiam

134 3553 308 3630 magisque
328 3552 420 3628 major
441 3558 471 3608 et
494 3551 590 3607 melior
611 3551 763 3616 actionum,
778 3569 865 3627 quam
879 3565 1020 3611 sonorum,
1035 3563 1101 3601 con·

135 3651 234 3700 centus
248 3647 300 3698 est.
341 3642 417 3699 XLI.
440 3642 549 3716 Itaque,
565 3639 639 3696 utin
653 3639 756 3696 fidibus
771 3639 942 3695 musicorum
957 3651 1040 3690 aures
1054 3632 1102 3690 vel

135 3731 250 3788 minima
263 3729 403 3788 sentiunt:
425 3729 464 3788 sic
478 3749 539 3796 nos,
554 3728 577 3786 si
591 3746 670 3786 acres
683 3747 717 3786 ao
730 3727 879 3804 diligentes
893 3721 1102 3781 essevolumus
