2648 4288
512 389 598 428 trena
617 389 649 428 11.
690 387 757 428 cnr.
779 388 807 428 x.
1125 364 1165 428 di

146 526 176 578 ot
198 517 292 596 specie
313 535 366 575 sue
386 524 553 584 commovet,
569 517 745 594 maximeque
766 516 846 594 qnesi
866 513 995 593 perlucet
1008 533 1044 574 ex
1063 514 1112 583 eis,

146 627 218 685 quas
240 607 465 674 commemoravi,
487 607 656 666 dantibus:
677 606 782 664 idcirco
804 605 875 672 illos,
897 605 1047 681 inquibus
1068 623 1117 662 ees

146 699 266 756 virtutes
279 716 342 754 esse
356 715 459 764 remur,
474 703 607 754 enatura
627 697 689 773 ipsc
705 696 822 774 diligere
836 695 972 774 cogimur.
1014 695 1113 770 Atque
1128 693 1146 751 ’1

146 789 193 846 hae
216 786 331 864 quidem
353 803 447 844 ceusae
469 785 604 864 diligendi
617 786 809 864 gravissimae:
832 792 952 862 possunt
965 782 1039 841 enim
1052 802 1126 861 prar-

146 884 225 936 terea
238 877 382 934 nonnulle}
397 894 459 933 esse
473 876 600 933 leviores.

186 1034 304 1092 Fides
325 1041 421 1092 autem
441 1040 474 1090 ut
493 1033 641 1099 habeatur,
657 1032 768 1090 duabus
787 1033 872 1091 rebus
886 1033 958 1090 effici
972 1037 1076 1110 potest,
1091 1030 1147 1090 818

147 1124 370 1182 existimabimur
389 1123 488 1199 adepti
508 1122 690 1199 conjunctam
711 1141 776 1179 cnm
794 1123 904 1200 justitia
925 1121 1113 1200 prudentiam.

148 1213 176 1270 N
178 1233 225 1270 am
238 1220 267 1270 et
281 1214 313 1270 iis
327 1212 413 1270 fidem
428 1213 577 1278 habemus,
592 1230 663 1287 quos
686 1211 752 1289 plus
772 1212 937 1290 intelligere,
953 1230 1040 1288 quem
1053 1229 1113 1277 nos,
1129 1215 1147 1268 9

148 1303 326 1369 arbitramur,
341 1320 469 1378 quosque
490 1309 519 1358 et
540 1301 637 1358 futura
659 1301 819 1379 prospicere
842 1302 992 1369 oredimus,
1006 1308 1036 1358 ct
1050 1319 1114 1358 cum

148 1409 195 1448 res
209 1399 312 1469 agatur
326 1391 355 1447 in
369 1390 573 1467 discrimenque
586 1398 703 1448 ventum
724 1391 768 1458 sit,
784 1391 918 1468 expedire
932 1409 991 1448 rem
1005 1397 1035 1447 et
1049 1409 1115 1446 con·

149 1481 242 1540 silium
253 1499 288 1537 ex
299 1489 429 1557 tempore
440 1499 542 1557 capere
557 1499 650 1557 posse.
691 1481 774 1538 Hanc
788 1481 863 1538 enim
877 1481 975 1538 utilem
989 1479 1116 1537 homines

149 1570 310 1627 existimant
324 1587 476 1646 veramque
490 1570 679 1646 prudentiam.
722 1571 741 1628 J
743 1571 813 1628 ustis
834 1578 930 1628 eutem
944 1577 974 1627 et
987 1569 1050 1626 fidis
1063 1569 1114 1625 bo·
1131 1574 1168 1627 10

148 1660 279 1727 minibus,
289 1659 318 1716 id
333 1667 377 1716 est
390 1660 471 1718 bonis
482 1660 555 1726 81118,
565 1660 605 1717 itu
618 1659 690 1717 fides
703 1660 834 1727 habetur,
850 1668 883 1718 ut
897 1659 974 1717 nulle
987 1659 1024 1716 sit
1033 1659 1062 1716 in
1073 1658 1116 1716 his

148 1749 256 1806 fraudis
269 1749 437 1826 injuriaeque
451 1749 582 1826 suspicio.
617 1751 718 1826 ltaque
734 1750 778 1808 bis
792 1750 912 1808 salutem
926 1756 1060 1815 nostram,
1073 1747 1116 1806 his

148 1839 284 1906 fortunas,
294 1840 338 1896 his
352 1839 463 1905 liberos,
473 1838 626 1896 rectissime
640 1839 778 1897 committi
791 1840 968 1897 arbitremur.
1004 1839 1116 1896 Harum
1132 1842 1167 1895 11

148 1929 237 2006 igitur
247 1928 367 1986 ducrum
378 1928 415 1986 ed
427 1927 512 1986 fidem
523 1928 682 1986 faciendam
694 1929 803 2006 justitie
813 1929 879 2006 plus
890 1929 996 2006 pollet:
1010 1929 1117 2006 quippe

150 2039 215 2077 oum
239 2037 273 2076 83
297 2020 356 2076 sinc
377 2018 528 2094 prudentia
548 2018 615 2074 83118
635 2018 741 2076 hebeat
761 2019 944 2085 auctoritatis,
966 2017 1117 2095 prudentia

149 2107 208 2166 sine
220 2108 330 2185 justitie
343 2107 412 2164 nihil
427 2106 520 2164 valeat
533 2105 571 2163 ad
585 2107 743 2164 faciendam
757 2107 852 2166 fidem.
888 2109 952 2176 Quo
966 2107 1040 2165 enim
1053 2107 1116 2182 quis
1132 2111 1168 2165 12

149 2197 290 2255 versutior
303 2205 334 2254 81
347 2196 475 2254 callidior
495 2203 548 2262 est,
563 2196 618 2253 hoc
639 2196 751 2253 invisior
764 2207 795 2256 ct
808 2197 972 2274 suspectior,
988 2197 1117 2254 detracta

150 2287 279 2364 opinione
294 2285 450 2362 probitatis.
493 2286 587 2353 Quem
597 2284 634 2342 ob
649 2304 709 2342 rem
723 2286 916 2364 intelligentiae
927 2285 1037 2362 justitio
1052 2303 1116 2341 oon·
1133 2290 1169 2344 13

147 2377 258 2454 juncte,
273 2381 411 2450 quantum
426 2373 511 2440 volet,
527 2373 643 2430 habebit
662 2375 698 2431 ad
719 2374 878 2432 faciendam
898 2375 984 2432 fidem
998 2374 1117 2443 virium;

147 2465 259 2542 justitia
272 2463 331 2521 sine
346 2462 497 2541 prudentia
510 2463 632 2520 multum
653 2463 775 2541 poterit;
796 2464 854 2521 sine
866 2463 975 2541 justitia
988 2463 1056 2521 nihil
1070 2482 1117 2522 ve·

150 2554 220 2612 lebit
235 2553 395 2632 prudentia.

190 2711 225 2768 X.
241 2711 299 2768 Sed
314 2729 349 2767 ne
363 2710 425 2786 quis
439 2709 475 2767 sit
488 2710 652 2778 admiratus
668 2731 726 2778 cur,
742 2729 807 2768 cum
826 2710 899 2767 inter
917 2729 1014 2768 omnes
1028 2709 1119 2787 pbilo-

151 2803 256 2878 sophos
270 2809 388 2868 constet,
405 2819 422 2856 3
436 2819 538 2877 meque
552 2801 615 2877 ipso
630 2821 706 2878 saepc
721 2801 899 2878 disputatum
914 2801 959 2868 sit,
971 2801 1019 2878 qui
1033 2819 1119 2858 unam

150 2892 277 2957 haberet,
287 2910 386 2948 omnes
399 2891 505 2947 habere
516 2891 643 2957 virtutes,
653 2911 727 2948 nunc
738 2891 778 2947 ita
792 2891 950 2969 sejungam,
960 2891 1040 2966 quasi
1054 2909 1119 2967 pos·

151 2980 188 3037 sit
201 2981 359 3056 quisquam,
375 2980 423 3056 qui
436 2979 582 3036 nunidem
596 2981 722 3057 prudens
736 2980 780 3046 sit,
792 2981 888 3057 justus
905 2997 985 3036 esse:
1007 2979 1061 3035 alia
1075 2985 1121 3037 881

151 3069 207 3137 illa,
222 3088 288 3127 cum
302 3069 404 3126 veritas
417 3068 480 3145 ipsa
493 3069 608 3125 limatur
620 3068 650 3125 in
664 3068 863 3146 disputatione,
878 3068 1035 3135 subtilites;
1056 3069 1119 3136 elia,
1134 3073 1152 3126 2

152 3179 218 3216 cum
232 3158 270 3216 ad
283 3159 442 3236 opinionem
457 3175 637 3215 communem
658 3158 748 3215 omnis
770 3158 1001 3216 accommodetur
1022 3155 1121 3216 oratio.¹

153 3249 245 3326 Quam
260 3249 380 3314 obrem,
396 3254 429 3304 ut
443 3247 556 3324 vulgus
571 3247 610 3303 113
623 3266 675 3304 nos
689 3248 744 3304 hoc
764 3247 828 3305 loco
842 3247 991 3324 loquimur,
1005 3256 1038 3304 ut
1051 3248 1120 3304 alios
1135 3253 1152 3305 3

152 3338 248 3402 fortes,
260 3336 328 3394 elios
339 3337 413 3393 viros
425 3337 522 3402 bonos,
535 3336 603 3393 elios
617 3336 773 3413 prudentes
784 3355 845 3394 esse
860 3337 996 3395 dicamus.
1027 3337 1123 3414 Popu-
1135 3341 1154 3393 4

153 3427 258 3484 laribus
281 3427 354 3483 enim
368 3426 462 3484 verbis
482 3433 526 3483 881
546 3425 699 3503 egendum,
716 3433 745 3482 ct
758 3427 876 3494 usitatis
892 3447 958 3512 curn
972 3427 1122 3502 loquamur

153 3515 189 3571 de
203 3515 332 3591 opinione
347 3515 487 3592 populari,
499 3514 584 3591 idque
595 3516 696 3574 codem
707 3515 794 3573 modo
804 3517 872 3574 iecit
881 3516 1034 3572 Panaetius.
1063 3514 1122 3572 Sed

153 3602 191 3661 ad
205 3603 382 3681 propositum
396 3612 579 3662 revertemur.

193 3736 264 3796 nat
285 3735 375 3815 igitur
397 3754 433 3794 ex
457 3736 556 3804 tribus,
580 3755 646 3814 quer
669 3737 707 3796 ad
727 3735 846 3816 gloriam
866 3734 1046 3814 pertinerent,
1066 3733 1156 3796 huod
