2750 4284
492 353 578 394 aman
591 352 635 394 ιιι.
677 353 743 394 oar.
759 353 836 393 xxxi.
1123 339 1180 396 119

164 480 316 541 videbatur
336 480 452 549 utilitas,
481 482 547 560 plus
567 481 664 549 valuit,
685 501 771 559 qnam
797 483 947 540 honestas:
976 480 1055 558 apud
1070 462 1128 540 ἰιι-

165 572 291 648 periores
305 571 433 630 utilitatis
447 572 556 648 species
575 571 649 628 falsa
668 573 705 628 ab
726 571 880 629 honestatis
900 570 1068 628 auctoritate
1081 589 1129 628 su-

164 667 266 737 perata
279 665 331 718 est.
467 663 468 666 ’

204 749 248 807 At
270 767 327 806 non
350 747 448 807 debuit
469 756 564 806 ratum
587 767 658 815 esse,
679 748 757 825 quod
781 755 842 806 erat
863 756 960 806 aetum
987 766 1038 825 par
1061 748 1160 807 vine

165 837 254 906 Quasi
267 856 334 894 vero
353 837 419 894 forti
432 837 492 894 viro
505 837 547 894 vis
571 838 662 915 possit
682 837 817 895 adhiberi.
860 838 920 894 Gur
932 838 1019 915 igitur
1032 837 1070 892 ad
1084 857 1127 894 se·
1143 838 1159 897 'l

163 933 264 984 natum
274 926 513 1003 proficiscebatur,
523 944 589 984 cum
603 927 763 1002 prasertim
774 925 809 984 de
821 927 940 1002 captivis
948 926 1128 984 dissuasurus

165 1016 263 1072 esset?
284 1015 369 1082 Quod
380 1015 616 1074 maximumiueo
627 1022 679 1081 est,
690 1015 720 1073 id
729 1015 943 1091 reprehenditis.
978 1015 1161 1074 Nonenim8
1247 1078 1252 1086 ,

164 1123 216 1162 suo
227 1105 335 1181 judicio
348 1105 435 1171 stetit,
450 1104 500 1162 sed
522 1104 648 1181 suscepit
660 1123 784 1170 causam,
799 1112 833 1161 ut
846 1113 921 1162 esset
932 1105 1071 1182 judicium
1084 1125 1128 1162 se-

163 1199 266 1250 natus:
288 1193 334 1250 oui
354 1193 407 1250 nisi
428 1193 489 1270 ipse
510 1201 609 1250 auctor
632 1192 740 1260 suisset,
756 1194 860 1269 captivi
884 1195 1014 1270 profecto
1033 1195 1128 1252 Ptenis

164 1281 269 1340 redditi
292 1288 402 1340 essent:
424 1283 464 1338 ita
487 1281 633 1339 incolumis
655 1282 685 1338 in
709 1283 801 1358 patria
825 1283 952 1360 Regulus
972 1283 1126 1341 restitisset.

165 1369 251 1437 Quod
265 1370 331 1445 quia
351 1371 449 1447 patrias
470 1389 526 1428 non
547 1371 616 1428 utile
640 1371 760 1447 putavit,
775 1371 880 1428 ideirco
902 1371 954 1429 sibi
978 1372 1161 1428 honestumt)

165 1466 196 1515 et
209 1459 311 1515 sentire
324 1459 372 1515 illa
385 1467 414 1516 et
428 1460 487 1536 pati
501 1459 627 1516 credidit.
669 1460 745 1516 Nam
759 1460 836 1536 quod
850 1459 940 1526 aiunt,
954 1459 1032 1535 quod
1046 1459 1129 1516 valde
1144 1464 1181 1517 10

165 1547 235 1604 utile
255 1548 300 1614 sit,
315 1546 345 1604 id
365 1548 424 1606 fieri
443 1549 610 1606 honestum:
631 1547 717 1605 immo
731 1567 798 1605 vero
812 1566 883 1615 esse,
897 1566 954 1605 non
967 1547 1035 1604 fieri.
1077 1548 1130 1604 Est

165 1637 239 1694 enim
259 1636 327 1694 nihil
348 1637 425 1704 utile,
440 1637 517 1713 quod
537 1637 613 1694 idem
634 1655 690 1695 non
710 1638 877 1696 honestum:
898 1655 950 1694 nec
963 1637 1030 1713 quia
1050 1637 1129 1703 utile,

165 1726 317 1784 honestum
331 1733 393 1792 est;
416 1727 467 1784 sed
481 1726 548 1802 quia
569 1727 729 1792 honestum,
744 1725 821 1784 utile.
863 1726 957 1792 Quare
977 1744 1013 1782 ex
1032 1725 1129 1782 multis
1145 1729 1180 1782 ll

166 1814 338 1872 mirabilibus
362 1815 507 1892 exemplis,
522 1814 600 1872 houd
618 1815 702 1873 facile
715 1815 779 1893 quis
799 1815 900 1874 dixerit
924 1816 978 1873 hoo
998 1815 1130 1893 exemplo

166 1910 217 1960 aut
228 1903 397 1962 laudabilius
410 1911 461 1962 aut
474 1903 666 1980 prestantius.

205 2081 312 2140 XXXI.
334 2080 393 2140 Sed
407 2100 444 2138 ex
456 2087 519 2138 tota
532 2081 586 2138 hac
599 2079 684 2138 laude
693 2079 798 2157 Reguli
807 2099 896 2138 unum
908 2079 977 2138 illud
988 2087 1032 2138 est
1042 2079 1130 2138 admi·

166 2171 275 2230 ratione
298 2169 427 2246 dignum,
451 2169 530 2245 quod
554 2169 681 2245 captivos
707 2168 868 2226 retinendos
896 2169 1012 2226 censuit
1054 2169 1163 2227 Numi

167 2259 246 2337 quod
259 2258 349 2325 rediit,
364 2258 444 2316 nobis
466 2277 541 2316 nunc
562 2257 689 2316 mirabile
702 2258 830 2316 videtur:
851 2256 904 2315 illis
924 2257 1039 2333 quidem
1059 2264 1131 2315 tem-

168 2349 285 2427 poribus
298 2347 380 2404 aliter
399 2347 493 2404 facere
508 2365 565 2405 non
584 2346 686 2423 potnit.
727 2347 829 2422 Itaque
852 2347 907 2403 ista
926 2347 989 2403 laus
1010 2363 1067 2404 non
1088 2353 1132 2404 est

168 2437 296 2503 bominis,
324 2435 376 2494 sad
399 2443 569 2513 temporum.
610 2435 729 2492 Nullum
754 2435 827 2492 enim
851 2435 995 2492 vinculum
1022 2435 1060 2492 ad
1087 2441 1164 2492 ras-8

168 2526 349 2604 tringendam
371 2525 456 2582 fidem
479 2524 544 2601 jure
563 2522 687 2601 jurando
708 2524 830 2601 majores
852 2525 940 2581 artius
960 2542 1022 2582 essa
1037 2524 1132 2582 volue-

168 2624 242 2676 runt.
283 2615 319 2672 Id
340 2615 464 2672 indicant
487 2615 565 2692 leges
589 2613 617 2670 in
636 2613 703 2672 XII.
724 2613 837 2680 tabulis,
859 2613 983 2670 indicant
1005 2617 1166 2680 sacratae,4

168 2706 292 2766 indicant
311 2705 427 2770 federa,
443 2704 546 2780 quibus
566 2703 652 2762 etiam
672 2722 738 2760 cnm
761 2703 843 2760 boste
863 2702 1019 2760 devincitur
1043 2701 1114 2760 fides
1124 2720 1132 2768 ;

168 2795 294 2852 indicant
307 2794 435 2852 notiones
449 2793 759 2868 animadversionesque
774 2809 929 2858 censorum,
945 2791 993 2867 qui
1005 2791 1083 2850 nulla
1096 2791 1133 2848 de

169 2903 200 2942 re
214 2884 376 2961 diligentius
388 2901 475 2958 quam
489 2883 526 2940 de
537 2883 602 2959 jure
613 2881 736 2959 jurando
755 2881 929 2957 judicabant.
971 2881 1003 2938 L.
1018 2880 1133 2948 Manlio,
1147 2888 1166 2939 5

171 2973 208 3030 A.
223 2974 266 3040 F.
282 2991 347 3030 oum
361 2972 484 3029 dictator
506 2971 617 3038 fuisset,
632 2971 671 3028 M.
693 2970 868 3046 Pomponius
890 2970 1019 3028 tribunus
1041 2969 1133 3046 plebis

171 3062 247 3120 diem
260 3061 338 3127 dixit,
353 3061 430 3137 quod
444 3061 467 3117 is
483 3079 589 3136 paucos
603 3059 656 3117 sibi
669 3059 729 3116 dies
742 3058 780 3115 ad
793 3059 964 3116 dictaturam
978 3057 1133 3134 gerendam

172 3150 334 3208 addidisset.
376 3149 584 3206 criminabatur
608 3148 702 3215 etiam,
730 3147 807 3223 quod
834 3147 930 3204 Titum
958 3147 1058 3212 filium,
1085 3144 1166 3221 quio

173 3248 273 3319 postea
286 3247 330 3295 est
344 3238 502 3313 Torquatus
516 3237 686 3314 appellatus,
701 3237 739 3294 ab
754 3236 913 3294 homiuibus
933 3235 1088 3313 relegasset
1102 3242 1132 3293 et

172 3329 230 3386 ruri
243 3328 370 3386 habitare
381 3327 518 3403 jussisset.
551 3325 702 3394 Quodcum
716 3326 870 3382 audivisset
879 3325 1042 3383 adolescens
1052 3325 1134 3392 filius,
1150 3323 1167 3382 'l

173 3417 319 3495 negotium
332 3416 456 3474 exhiberi
478 3415 569 3492 patri:
590 3415 745 3472 accunisse
766 3415 887 3480 Romam
906 3420 936 3471 et
955 3433 1021 3471 oum
1042 3412 1133 3487 prima

174 3507 237 3566 luce
250 3505 398 3582 Pomponii
411 3504 527 3563 domum
542 3505 650 3562 venisse
665 3503 774 3561 dieitur.
817 3503 871 3560 Oui
893 3522 959 3559 eum
973 3507 1049 3558 esset
1061 3517 1132 3556 nun·
1148 3503 1166 3556 θ

175 3596 284 3660 tiatum,
300 3594 349 3670 qui
368 3593 447 3652 illurn
467 3594 570 3650 iratum
590 3593 742 3650 allaturum
754 3592 792 3648 ad
805 3609 836 3648 se
850 3590 955 3666 aliquid
969 3595 1066 3645 eontra
1086 3603 1136 3660 pa·

176 3691 249 3744 tram
261 3679 454 3751 arbitraretur,
467 3683 589 3742 surrexit
608 3700 624 3740 e
644 3681 758 3748 lectulo,
773 3679 942 3770 remotisque
964 3673 1084 3741 arbitris,
1098 3673 1137 3732 ad
