2648 4288
166 303 204 360 18
579 315 618 356 nn
639 315 766 356 orrrcms

216 445 330 513 donem,
346 444 467 502 alterum
488 463 540 522 per
559 445 633 512 vim;
653 459 778 521 cumque
797 445 866 503 illud
880 445 1027 524 proprium
1040 445 1079 505 sit
1091 447 1191 508 homi·

216 535 268 603 nis,
289 535 344 592 hoc
365 535 531 593 beluarum:
560 535 780 613 confugiendum
801 543 846 593 est
866 536 903 592 ud
924 535 1073 612 posterius,
1095 538 1119 595 si
1139 539 1190 598 uti

184 633 273 685 iinon
292 625 359 682 licet
378 625 532 701 superiore.
573 625 668 693 Quare
689 624 868 701 suscipienda
881 625 998 702 quidem
1019 625 1095 684 bella
1113 633 1188 686 sunt

216 715 328 774 obeam
343 731 466 780 causam,
480 721 514 770 ut
527 713 585 771 sine
599 713 701 791 injuria
713 714 742 770 in
756 732 827 791 pace
841 715 966 773 vivatur:
988 722 1070 791 parta
1084 725 1186 776 autem

216 804 340 872 victoria,
355 803 539 862 conservandi
559 803 585 869 ii,
607 803 656 880 qui
677 821 733 860 non
754 803 883 861 crudeles
903 804 931 860 in
951 804 1034 871 bello,
1053 824 1109 864 non
1128 807 1185 864 im·

182 899 313 953 tmanes
340 894 464 951 luerunt.
505 892 548 950 Ut
573 893 695 969 majores
728 893 817 950 nostri
850 893 1034 960 Tusculanos,
1058 895 1186 972 AEquos,

216 983 345 1050 Volscos,
367 982 494 1049 Sabinos,
516 982 655 1040 Hernicos
675 982 703 1039 in
723 983 865 1041 civitatem
885 983 971 1041 etiam
991 993 1184 1062 acceperuntr

183 1083 201 1134 5
215 1081 246 1132 at
261 1073 462 1151 Carthaginem
476 1079 506 1130 et
520 1071 703 1130 Numantiam
712 1072 842 1130 funditus
856 1074 1040 1132 statuerunt.
1065 1073 1186 1133 Nollem
1300 1061 1309 1121 ι’

216 1161 399 1222 Corinthum:
421 1162 474 1220 sed
494 1163 578 1220 credo
598 1161 706 1238 aliquid
727 1169 848 1229 secutos,
863 1163 1106 1240 opportunitatem
1125 1163 1185 1222 loci

215 1253 346 1320 maxime,
367 1271 403 1311 ne
430 1260 528 1330 posset
548 1251 700 1329 aliquando
720 1251 757 1310 ad
785 1250 893 1310 bellum
916 1251 1078 1310 iaciendum
1098 1253 1185 1312 locus

182 1349 200 1402 6
214 1342 275 1421 ipse
289 1342 442 1401 adhortari.
483 1343 549 1400 Mea
561 1342 677 1419 quidem
691 1341 838 1409 sententia,
850 1341 922 1418 paci,
938 1360 1004 1420 quae
1019 1341 1088 1400 nihil
1101 1342 1184 1400 habi·
1299 1328 1309 1379 ·”

215 1439 279 1490 tura
303 1433 340 1489 sit
361 1432 534 1497 insidiarum,
558 1450 671 1508 semper
695 1439 741 1489 est
764 1431 978 1489 considendum.
1018 1432 1134 1507 Inque
1158 1431 1188 1493 si

215 1520 284 1578 mihi
304 1527 379 1578 esset
398 1521 635 1596 obtemperatum,
651 1520 675 1577 si
695 1539 752 1578 non
766 1522 911 1598 optimam,
927 1528 958 1578 at
977 1521 1101 1597 aliquem
1119 1539 1185 1580 rem

183 1609 200 1668 'l
216 1608 367 1688 publicam,
378 1627 444 1685 quae
459 1628 534 1667 nunc
548 1609 627 1666 nulla
641 1617 693 1675 est,
708 1610 888 1669 haberemus.
928 1611 967 1668 Et
981 1630 1047 1668 cum
1056 1611 1097 1678 iis,
1108 1629 1185 1687 quos

214 1699 243 1757 vi
256 1697 401 1766 deviceris,
416 1695 622 1756 consulendum
643 1705 705 1766 est;
725 1707 787 1756 tum
800 1700 827 1766 ii,
842 1700 900 1775 qui,
915 1699 1001 1757 armis
1022 1700 1128 1779 positis,
1143 1700 1185 1758 ad

214 1787 418 1866 imperatorum
443 1787 529 1844 fidem
553 1787 726 1866 confugient,
740 1789 869 1865 quamvis
889 1809 1004 1847 murum
1026 1790 1097 1847 aries
1118 1808 1184 1866 per-

183 1884 201 1938 8
216 1875 343 1943 cusserit,
355 1876 517 1959 recipiendi.
560 1878 595 1934 In
608 1895 666 1954 quo
680 1884 830 1955 tantopere
844 1878 922 1955 apnd
943 1885 1054 1936 nostros
1072 1879 1185 1956 justitia

216 1966 293 2025 culta
311 1973 364 2033 est,
380 1971 414 2024 ut
434 1965 460 2033 ii,
474 1966 525 2042 qui
539 1966 667 2024 civitates
690 1973 741 2024 aut
761 1967 889 2024 nationes
910 1967 1037 2025 devictas
1057 1968 1133 2026 bello
1153 1969 1184 2027 in

215 2055 302 2114 tidem
316 2056 497 2132 recepissent,
512 2073 610 2112 earum
625 2057 736 2132 patroni
751 2063 846 2112 essent
859 2074 938 2113 more
951 2057 1101 2134 majorum.

183 2153 201 2208 c
254 2145 301 2204 Ac
321 2144 388 2204 belli
411 2145 530 2222 quidem
551 2145 668 2221 aequitas
692 2144 868 2202 sanctissime
896 2145 985 2202 fetiali
1006 2146 1105 2224 populi
1124 2147 1183 2205 Ro·

215 2237 290 2295 mani
308 2235 372 2313 jure
393 2235 549 2312 perscripta
570 2241 621 2292 est.
664 2234 707 2290 Ex
727 2252 785 2310 quo
805 2233 924 2312 intelligi
945 2241 1049 2310 potest,
1071 2235 1181 2294 nullum

215 2327 321 2385 bellum
341 2343 404 2383 esse
422 2325 541 2402 justum,
562 2323 615 2381 nisi
635 2323 713 2400 quod
733 2329 784 2380 aut
804 2324 889 2382 rebus
909 2323 1036 2401 repetitis
1056 2332 1181 2402 geratur,

165 2421 202 2476 10
216 2422 267 2474 aut
284 2414 486 2473 denunciatum
505 2421 571 2471 ante
592 2413 629 2470 sit
649 2420 678 2470 et
698 2413 845 2472 indictum.
886 2413 1013 2489 Popilius
1029 2414 1183 2492 imperator

215 2507 332 2563 tenebat
352 2504 533 2581 provinciam,
548 2503 578 2560 in
591 2503 674 2579 cujus
692 2503 820 2560 exercitu
841 2502 957 2560 Catonis
977 2503 1050 2560 filius
1064 2504 1118 2561 tiro
1130 2505 1182 2562 mi-

215 2594 324 2653 litabat.
359 2593 432 2650 (lum
446 2599 543 2648 autem
556 2591 668 2668 Popilio
683 2591 828 2648 videretur
840 2611 927 2648 unam
941 2591 1082 2650 dimittere
1095 2593 1181 2672 legio-

216 2699 290 2749 nem,
307 2681 423 2739 Oatonis
436 2699 550 2756 quoque
564 2680 661 2748 filium,
677 2680 725 2757 qui
745 2681 774 2738 in
787 2681 888 2748 eadem
908 2681 1020 2758 legione
1033 2683 1181 2751 militabat,

166 2779 201 2835 ll
217 2771 330 2830 dimisit.
372 2770 431 2827 Sed
445 2789 511 2826 cum
525 2788 621 2827 amore
642 2771 792 2848 pugnandi
803 2771 833 2828 in
846 2770 972 2829 exercitu
991 2771 1180 2841 remansisset,

217 2861 291 2920 (lato
304 2859 342 2918 ad
362 2859 506 2936 Popilium
526 2859 646 2936 scripsit,
662 2866 703 2928 ut,
718 2861 821 2918 sicum
841 2865 988 2937 pateretur
1005 2860 1035 2916 in
1055 2861 1180 2920 exercitu

99 3021 109 3032 ι
216 2968 370 3018 remanere,
391 2948 517 3008 secundo
538 2968 604 3007 eum
624 2950 732 3028 obliget
751 2950 857 3008 militiae
883 2956 1076 3006 monumento:
1105 2950 1179 3026 quia,

217 3041 310 3118 priore
324 3040 435 3107 amisso,
448 3039 513 3118 jure
527 3059 592 3098 cum
602 3040 733 3098 hostibus
744 3057 872 3118 pugnare
886 3057 943 3095 non
956 3044 1076 3115 poterat.
1098 3038 1183 3098 Adeo

166 3137 202 3192 12
218 3147 329 3187 summa
349 3137 410 3188 erat
433 3129 593 3188 observatio
616 3129 645 3186 in
668 3129 744 3187 bello
768 3127 917 3186 movendo.
958 3127 1048 3184 Marci
1068 3127 1183 3204 quidem

218 3219 333 3277 Catonis
344 3219 418 3277 senis
432 3226 477 3276 est
486 3219 607 3295 epistola
620 3219 657 3276 ad
671 3219 802 3276 Marcum
816 3217 914 3284 filium,
924 3217 953 3274 in
966 3235 1023 3294 qua
1037 3217 1141 3285 scribit,
1152 3235 1182 3276 se

217 3308 339 3376 audisse,
354 3326 420 3366 eum
439 3309 557 3366 missum
569 3309 679 3366 factum
699 3326 794 3365 essea
812 3306 931 3364 consule
944 3304 1022 3384 [cum
1042 3306 1071 3363 in
1089 3307 1181 3364 Mace-

218 3397 302 3458 donia
322 3399 397 3456 bello
417 3398 532 3456 Persico
551 3398 633 3456 miles
653 3394 751 3476 esset]
792 3397 891 3454 Monet
910 3395 1005 3474 igitur,
1021 3401 1054 3453 nt
1074 3401 1180 3463 caveat,

218 3507 254 3546 ne
269 3489 403 3567 proelium
422 3487 505 3546 mest.
547 3487 646 3566 Negat
659 3487 734 3546 enim
743 3487 793 3566 jus
812 3503 885 3556 esse,
899 3485 949 3564 qui
967 3483 1049 3545 miles
1068 3503 1125 3544 non
1138 3485 1181 3555 sit,

219 3595 285 3638 cum
298 3577 383 3638 hoste
396 3593 536 3657 pugnare.
600 3661 602 3666 Ι
