2750 4284
173 345 212 400 tt
589 355 627 398 nn
642 357 772 398 curione

173 491 211 544 10
225 485 378 552 Phalarim,
401 485 545 544 crudelem
568 493 720 564 tyrannum
744 493 774 544 et
796 503 944 544 immanem
965 483 1009 542 vir
1030 484 1131 552 bonus,
1152 500 1190 544 ne

224 575 287 652 ipse
300 575 405 652 frigore
419 576 590 642 conficiatur,
605 576 710 633 vestitu
724 575 845 652 spoliare
859 574 957 652 possit,
972 593 1065 632 nonne
1078 573 1188 630 saciati

94 727 99 738 .
173 669 210 724 11
226 665 297 721 Haec
311 663 546 741 adjudicandum
560 672 626 722 sunt
639 664 778 722 facillima
813 665 889 722 Nam
903 664 927 720 si
941 663 1010 740 quid
1023 664 1061 721 ab
1074 663 1191 720 homine

224 753 262 812 ed
276 752 382 812 nullam
396 761 507 830 partem
520 754 591 820 utili,
606 754 735 812 utilitatis
749 761 808 812 tua
829 772 915 812 causa
929 753 1092 820 detraxeris,
1106 753 1190 810 inhu-

224 861 307 901 mane
328 843 427 900 leceris
450 851 605 919 contraque
627 850 737 900 naturae
760 844 871 921 legem:
892 843 934 900 sin
947 850 1044 900 autem
1057 842 1081 900 is
1094 842 1190 909 tusis,

224 933 273 1010 qui
293 932 413 990 multam
435 932 585 990 utilitatem
599 931 638 990 rei
652 932 774 1010 publicae
794 939 880 1009 atque
893 932 1038 990 hominum
1052 930 1190 997 societati,

224 1022 248 1078 si
267 1022 296 1078 in
315 1022 373 1078 vita
392 1039 545 1088 remaneas,
560 1021 660 1078 afferre
681 1021 780 1099 possis,
795 1022 819 1079 si
838 1021 908 1098 quid
927 1022 965 1079 ob
987 1038 1050 1078 eam
1074 1039 1191 1078 cansam

173 1115 210 1169 12
225 1111 306 1168 alteri
329 1110 492 1177 detraxeris,
514 1129 570 1168 non
594 1111 629 1168 sit
654 1110 929 1187 reprehendendum.
971 1110 1023 1168 Sin
1044 1109 1191 1166 autemid

224 1219 281 1258 non
294 1200 331 1258 sit
344 1200 407 1277 ejus
420 1199 505 1266 modi,
522 1217 605 1256 suum
626 1199 727 1276 cuique
747 1199 957 1256 incommodum
977 1198 1124 1256 ferendum
1145 1204 1192 1256 est

173 1295 210 1349 13
226 1290 329 1368 potius,
344 1307 429 1366 quam
444 1288 609 1366 de'altarius
623 1287 778 1346 commodis
799 1288 1017 1346 detrahendum.
1058 1288 1125 1346 Non
1139 1287 1191 1365 igi·

226 1387 274 1437 tur
295 1379 386 1455 magis
407 1385 452 1435 est
473 1384 571 1434 contra
590 1385 722 1434 naturam
734 1377 851 1434 morbus
865 1383 915 1434 aut
930 1383 1043 1454 egestas
1056 1384 1108 1434 aut
1120 1375 1192 1453 quid

224 1468 287 1544 ejus
297 1468 382 1533 modi,
392 1485 478 1542 quam
489 1466 628 1524 detractio
639 1473 724 1543 atque
738 1465 875 1544 appetitio
886 1466 982 1523 alieni:
998 1464 1049 1524 sed
1063 1484 1190 1524 commu·

225 1555 268 1612 nis
282 1555 408 1613 utilitatis
420 1554 563 1614 derelictio
584 1563 683 1613 contra
702 1563 834 1613 naturam
848 1562 908 1622 est;
929 1561 973 1612 est
986 1555 1061 1612 enim
1074 1555 1189 1632 injusta.

174 1647 212 1702 14
226 1644 328 1719 Itaque
341 1644 387 1700 lex
400 1642 463 1719 ipsa
476 1651 595 1710 naturae,
610 1663 676 1720 quae
697 1645 849 1702 utilitatem
871 1644 1018 1702 hominurn
1039 1651 1192 1702 conservat

225 1740 255 1790 et
269 1732 399 1798 continet,
415 1732 540 1789 decernit
554 1733 691 1810 profecto,
705 1741 739 1790 ut
752 1735 790 1791 ab
803 1733 917 1790 homine
935 1733 1016 1792 inerti
1028 1740 1116 1810 atque
1128 1734 1190 1792 inu·

225 1821 266 1879 tili
279 1820 317 1877 ad
331 1821 496 1897 sapientem,
511 1822 627 1888 bonum,
641 1821 745 1880 sortem
757 1823 849 1879 virum
869 1822 1073 1880 transferantur
1093 1842 1138 1880 res
1151 1823 1191 1880 ad

224 1909 376 1968 vivendum
389 1910 574 1977 necessariae;
594 1911 651 1986 qui,
667 1911 690 1967 ei
703 1910 845 1978 occiderit,
860 1911 983 1970 multum
998 1910 1034 1969 de
1049 1912 1191 1970 communi
1252 1918 1257 1926 '

225 1999 347 2057 utilitate
361 1998 529 2056 detraxerit:
544 2000 630 2057 modo
641 2000 847 2067 hocitasuciat,
858 2007 937 2058 utne
948 2000 1008 2078 ipse
1022 2000 1059 2058 de
1073 2019 1102 2057 se
1117 2002 1190 2058 bene

226 2089 387 2147 existimaus
402 2107 520 2165 seseque
534 2089 653 2166 diligens
667 2089 739 2146 hanc
751 2107 867 2146 causam
879 2091 986 2148 habeat
999 2089 1037 2148 ad
1051 2090 1188 2167 injuriam.

175 2184 210 2238 15
226 2179 272 2236 Ita
282 2197 394 2255 semper
406 2178 497 2235 officio
511 2178 654 2257 iungetur,
664 2177 777 2235 utilitati
788 2179 937 2236 consulens
950 2179 1105 2245 homiuum,
1115 2187 1145 2236 et
1155 2179 1189 2246 ei,

175 2273 312 2344 mquam
332 2285 411 2343 saepe
432 2285 631 2333 commemoro,
646 2267 780 2324 humanm
796 2266 930 2324 societati.
971 2267 1047 2324 Nam
1061 2267 1138 2344 quod
1151 2268 1190 2326 ad

225 2356 370 2415 Phalarim
383 2357 493 2423 attinet,
506 2356 637 2433 perfacile
648 2355 786 2433 judicium
800 2364 851 2414 est.
883 2355 970 2413 Nulla
983 2356 1057 2414 enim
1071 2356 1190 2414 societas

175 2446 211 2506 lt
225 2447 306 2504 nobis
320 2465 385 2504 cum
399 2446 533 2522 tyrannis,
543 2453 572 2502 et
583 2446 677 2522 potius
692 2463 802 2503 summa
813 2445 958 2502 distractio
968 2453 1028 2502 est:
1044 2464 1135 2522 neque
1145 2453 1191 2503 est

225 2543 324 2594 contra
343 2542 482 2600 naturam,
498 2535 619 2611 spoliare
638 2553 713 2601 eum,
728 2535 752 2591 si
765 2534 863 2611 possis,
878 2553 964 2610 quern
977 2541 1021 2592 est
1038 2534 1190 2594 honestum

224 2641 340 2682 necare:
362 2630 448 2698 atque
462 2622 516 2679 hoo
530 2641 613 2679 omne
627 2641 718 2700 genus
738 2623 905 2699 pestiferum
921 2631 1007 2700 atque
1021 2624 1139 2702 impium
1152 2643 1190 2682 ex

174 2718 211 2772 le
225 2712 370 2769 hominum
385 2710 585 2768 communitate
596 2711 838 2769 exterminandum
853 2719 904 2770 est.
937 2713 1049 2770 Etenim
1059 2721 1091 2771 ut
1102 2732 1189 2770 mem·

225 2801 277 2859 bra
286 2798 419 2876 quaedam
434 2805 627 2875 amputentur,
637 2799 660 2856 si
670 2806 700 2856 et
710 2800 773 2877 ipsa
786 2801 922 2878 sanguine
932 2809 962 2858 et
974 2807 1122 2879 tamquam
1132 2803 1188 2880 spi·

225 2889 282 2946 ritu
304 2907 400 2946 carere
423 2894 579 2964 coeperunt,
595 2895 625 2944 et
645 2897 748 2946 nocent
767 2889 880 2966 reliquis
902 2891 1031 2967 partibus
1045 2891 1188 2968 corporis:

227 2979 268 3036 sic
282 2979 336 3036 ista
349 2979 376 3036 in
390 2978 481 3057 figura
494 2977 614 3034 hominis
634 2977 730 3034 feritas
744 2985 773 3036 et
786 2978 944 3036 immanitas
964 2979 1067 3046 beluae,
1083 2999 1188 3038 acom-

175 3073 212 3128 19
226 3068 304 3126 muni
317 3075 463 3144 tamquam
476 3066 657 3124 humanitatis
672 3086 789 3144 corpore
808 3069 987 3146 segreganda
1000 3076 1052 3128 est.
1093 3070 1188 3147 Hujus

226 3157 336 3234 generis
357 3157 529 3233 quaestiones
551 3163 618 3214 sunt
639 3175 736 3215 omnes
759 3175 812 3225 eae,
833 3157 862 3214 in
881 3157 984 3234 quibus
1004 3176 1040 3216 ex
1060 3165 1189 3236 tempore

226 3245 348 3304 officium
362 3245 527 3322 exquiritur.

252 3424 321 3482 VH.
333 3423 404 3501 Ejus
417 3422 494 3480 modi
506 3421 592 3500 igitur
603 3422 687 3480 oredo
697 3441 742 3480 res
751 3423 909 3481 Panaetium
920 3429 1134 3500 persecuturum
1145 3424 1188 3482 lu-

225 3515 290 3581 isse,
299 3513 352 3572 nisi
366 3513 451 3590 aliqui
464 3530 546 3571 casus
560 3518 610 3568 aut
623 3512 772 3588 occupatio
783 3513 928 3570 consilium
939 3513 1001 3590 ejus
1015 3514 1188 3590 peremisset.

194 3607 212 3662 2
227 3602 277 3660 Ad
288 3621 358 3679 quas
372 3603 448 3680 ipsas
458 3601 676 3660 consultationes
687 3620 722 3658 ex
733 3601 922 3678 superioribus
933 3601 1010 3660 libris
1021 3602 1089 3658 satis
1099 3603 1189 3660 multa

226 3699 374 3769 praecepta
386 3698 461 3759 sunt,
473 3691 574 3768 quibus
589 3690 710 3768 perspici
723 3690 821 3767 possit,
836 3690 904 3768 quid
917 3689 954 3748 sit
967 3698 1085 3768 propter
1097 3689 1186 3768 turpi·
