2750 4284
196 357 251 412 112
615 365 653 404 on
668 361 792 404 orriorrs

215 505 232 558 8
247 504 368 556 senatu.
404 495 447 553 At
460 499 544 554 aucta
557 493 721 569 vectigalia:
743 491 812 548 utile
824 488 917 568 igu'tur.
953 488 1108 563 Quousque
1123 484 1223 544 aude·

247 589 319 646 bunt
329 587 422 643 dicere
434 585 586 661 quicquam
597 583 674 648 utile,
685 581 763 657 quod
775 599 830 638 non
841 578 1013 636 honestum?
1049 578 1152 634 Potest
1162 595 1223 632 au-

247 683 305 733 tem
317 675 366 732 ulli
377 673 501 750 imperio,
514 671 591 748 quod
606 670 696 748 gloria
710 670 814 726 fultum
827 686 889 725 esse
900 667 995 731 debet,
1007 674 1036 724 et
1050 665 1222 723 benivolen-

215 763 287 823 etia
300 763 448 828 sociorum,
462 761 531 818 utile
551 778 613 816 esse
635 759 731 816 odium
749 766 778 816 et
797 757 932 814 infamia?
973 756 1036 833 Ego
1049 755 1134 812 etiam
1145 773 1222 812 cum

248 853 356 909 Catone
370 868 434 908 meo
447 867 524 926 saepe
539 847 663 906 dissensi.
709 847 800 904 Nimis
813 845 882 902 mibi
896 845 1047 921 proelraete
1060 843 1222 901 videbatur

202 939 218 956 ⁶
247 941 378 999 aerarium
399 938 603 1015 vectigaliaque
624 935 784 1002 defendere,
806 935 901 993 omnia
920 933 1076 1011 publicanis
1096 951 1218 1010 negare,

246 1029 337 1087 multa
350 1029 449 1086 sociis:
471 1044 537 1084 oum
549 1025 577 1082 in
591 1026 643 1082 hos
658 1025 773 1082 benefici
792 1043 854 1082 esse
867 1024 1051 1088 deberemus3
1073 1041 1138 1079 cum
1159 1021 1220 1078 illis

247 1118 287 1176 sic
308 1135 402 1195 agere,
416 1125 449 1175 ut
470 1135 536 1173 cum
557 1114 662 1172 colonis
682 1114 785 1170 nostris
806 1114 979 1170 soleremus:
1001 1131 1091 1187 eoque
1110 1111 1219 1190 magis,

247 1227 305 1284 quo
318 1207 365 1264 illa
379 1206 508 1264 ordinum
523 1203 682 1279 conjunctio
696 1202 732 1258 ad
747 1203 868 1259 salutem
883 1203 923 1259 rei
945 1201 1067 1278 publicae
1088 1201 1216 1277 pertine-

197 1302 234 1354 10
248 1297 306 1355 bat.
334 1296 409 1353 Male
421 1295 506 1353 etiam
518 1293 613 1359 Curio,
623 1311 686 1348 oum
699 1309 812 1348 causam
824 1291 1089 1367 Transpadanorum
1100 1307 1218 1365 atquem

248 1405 310 1445 esse
324 1385 453 1444 dicebat:
476 1400 589 1458 semper
608 1388 704 1438 autem
723 1381 857 1445 addebat,
882 1380 981 1436 Vincat
995 1380 1112 1436 utilitas.
1155 1379 1216 1435 Po-

247 1476 304 1532 tius
319 1474 436 1538 diceret,
451 1491 509 1531 non
522 1489 584 1528 esse
598 1489 720 1546 aequam,
735 1469 801 1545 quia
819 1487 874 1526 non
889 1477 964 1526 esset
977 1468 1052 1525 utilis
1066 1467 1106 1524 rei
1120 1466 1216 1542 publi-

248 1582 298 1628 33,
313 1581 408 1638 quam,
424 1580 488 1617 cum
502 1578 557 1617 non
571 1560 669 1616 utilem
684 1559 798 1625 diceret,
813 1576 924 1634 aequam
938 1559 1083 1614 fateretur.

289 1737 400 1794 XXIII.
422 1737 528 1793 Plenus
540 1744 583 1793 est
597 1744 694 1793 sextus
704 1737 775 1793 liber
788 1736 824 1793 de
838 1735 934 1793 officiis
949 1734 1100 1792 Hecatonis
1114 1733 1216 1791 talium

248 1846 329 1903 quae
340 1825 525 1891 stionum,
547 1825 627 1882 Sitne
645 1825 710 1882 boni
730 1825 788 1892 vin',
804 1825 832 1882 in
850 1825 972 1881 maxima
992 1823 1108 1881 caritate
1126 1841 1214 1880 anno

248 1935 301 1982 nae,
316 1914 449 1971 familiam
463 1933 519 1971 non
533 1915 616 1972 alere.
659 1915 693 1970 In
708 1923 858 1990 utramque
874 1922 983 1990 partem
996 1913 1141 1989 disputan
1161 1911 1215 1969 sed

248 2012 345 2061 tamen
364 2004 402 2061 ad
426 2012 583 2060 extremum
608 2004 729 2060 utilitate
754 2003 876 2060 officium
898 2002 993 2080 dirigit
1013 2002 1104 2078 magis
1124 2020 1213 2077 quam

216 2099 234 2151 2
249 2093 433 2153 humanitate.
475 2093 591 2160 Quaerit,
607 2093 630 2150 si
646 2093 674 2149 in
688 2093 758 2150 mari
777 2093 889 2170 jactura
908 2091 1036 2148 facienda
1050 2092 1094 2158 sit,
1109 2090 1212 2166 equine

251 2183 365 2260 pretiosi
380 2183 474 2259 potius
485 2183 626 2258 jacturam
641 2182 734 2247 faciat,
750 2201 785 2238 an
800 2181 902 2238 servuli
917 2181 986 2239 vilis.
1029 2181 1083 2238 Hic
1097 2181 1152 2237 alio
1166 2199 1214 2238 res

218 2272 401 2338 Siamiliaris,
423 2272 477 2328 alio
498 2271 576 2329 ducit
596 2271 763 2327 hnmanitas.
805 2269 837 2327 Si
860 2271 988 2328 tabulam
1009 2270 1045 2327 de
1065 2271 1214 2347 naufragio

250 2363 354 2418 stultus
378 2360 533 2437 arripuerit,
555 2359 769 2436 extorquebitne
790 2377 853 2415 cam
874 2360 993 2436 sapiens,
1015 2360 1038 2416 si
1063 2359 1213 2436 potuerit?

217 2451 355 2528 4Negat,
376 2450 443 2526 quia
466 2449 503 2505 sit
526 2449 667 2526 injurium.
709 2449 785 2516 Quid
810 2448 941 2506 dominus
964 2449 1051 2516 navis,
1076 2449 1213 2525 eripietne

250 2541 357 2597 suum‘?
398 2539 520 2605 Minime,
535 2557 591 2594 non
610 2539 682 2614 plus,
698 2556 784 2614 quam
805 2538 985 2616 navigantem
998 2538 1027 2594 in
1041 2538 1099 2594 alto
1113 2537 1214 2613 ejicere

250 2628 286 2685 de
308 2629 372 2685 navi
386 2628 461 2693 velit,
477 2627 542 2702 quia
562 2645 614 2684 sua
634 2627 678 2683 sit.
720 2626 821 2694 Quoad
843 2627 917 2683 enim
937 2635 1104 2703 perventum
1119 2627 1156 2683 sit
1170 2646 1213 2694 eo,

251 2737 307 2793 quo
328 2725 442 2792 sumpta
462 2716 540 2772 navis
561 2724 612 2782 est,
634 2735 691 2772 non
712 2715 817 2772 domini
838 2724 881 2773 est
902 2703 987 2783 navia,
1010 2716 1060 2773 ted
1081 2716 1213 2794 navigan·

218 2815 235 2866 5
251 2806 329 2862 tium.
372 2804 446 2871 Quid
461 2804 483 2860 ai
498 2823 554 2860 una
568 2805 667 2861 tabula
681 2805 726 2870 sit,
741 2805 800 2862 duo
813 2805 951 2882 naufragi,
967 2805 1042 2881 iique
1057 2806 1212 2882 rapientes:

251 2893 302 2951 cibi
316 2899 415 2950 neuter
428 2891 528 2968 rapiat,
538 2911 574 2948 an
588 2892 660 2949 alter
671 2893 755 2950 cedat
769 2893 869 2950 alteri?
905 2893 999 2951 Cedat
1012 2913 1092 2952 vero:
1114 2895 1165 2952 sed
1179 2895 1212 2962 ei,

251 2983 332 3061 cujus
354 2983 445 3060 magis
467 2981 576 3039 intersit
595 2983 639 3038 vel
660 3001 711 3038 sua
730 2983 775 3040 vel
796 2983 837 3039 rei
858 2983 981 3059 publicae
1002 3001 1097 3050 causa,
1112 2983 1211 3042 vivere.

219 3079 236 3130 6
255 3073 328 3140 Quid
343 3073 366 3128 si
386 3073 448 3129 haec
467 3071 545 3148 paria
565 3071 593 3128 in
606 3072 749 3147 utroque?
790 3072 909 3128 Nullum
923 3073 975 3129 erit
988 3079 1138 3140 certamen,
1153 3073 1211 3141 sed,

220 3161 332 3236 'lquasi
352 3169 428 3217 sorte
448 3168 498 3217 aut
518 3159 648 3217 micando
661 3159 761 3227 victus,
776 3160 857 3217 alteri
877 3160 959 3217 cedet
979 3161 1059 3218 alter.
1102 3161 1213 3229 Quidsi

251 3254 332 3324 pater
349 3248 415 3304 lana
436 3248 550 3324 expilat,
566 3248 710 3305 cuniculos
724 3255 792 3326 agat
806 3249 843 3305 ad
858 3249 1005 3306 aerarium:
1032 3249 1171 3308 indicetne
1183 3250 1211 3307 id

250 3335 566 3413 magistratibusfilius‘?
598 3336 688 3393 Nefas
697 3337 725 3394 id
734 3338 848 3413 quidem
857 3345 909 3394 est.
938 3339 1210 3406 Quinetiamdefon-

251 3424 302 3481 dat
315 3430 434 3502 patrem,
450 3424 473 3482 si
486 3432 630 3502 arguatur.
666 3426 695 3481 N
696 3445 733 3482 on
745 3425 832 3504 igitur
846 3427 938 3503 patria
952 3435 1070 3504 prestat
1084 3428 1210 3486 omnibus

251 3513 369 3571 officiis?
410 3514 503 3570 Immo
523 3531 606 3570 vero:
632 3513 682 3571 sed
704 3513 757 3589 ipsi
778 3515 878 3590 patriae
898 3516 1040 3583 conducit,
1057 3516 1119 3594 pios
1140 3517 1209 3575 cives

219 3607 237 3658 8
252 3602 357 3658 habere
371 3601 399 3658 in
410 3608 548 3677 parentes.
578 3601 653 3668 Quid
667 3602 690 3657 si
704 3602 882 3676 tyrannidem
896 3622 1045 3680 occupare,
1057 3605 1080 3662 si
1094 3605 1209 3682 patriam

251 3688 372 3762 prodere
386 3689 532 3746 conabitur
544 3694 627 3764 pater
638 3707 644 3744 ι
655 3689 793 3746 silebitne
807 3690 904 3748 filius?
946 3693 1039 3750 Immo
1053 3711 1120 3752 raro
1133 3695 1209 3754 obse·
