2750 4284
167 309 207 370 78
580 329 618 368 nu
633 327 761 368 ermom

218 455 278 516 licis
292 457 480 536 imperavisse,
494 463 527 515 ut
540 457 634 515 omnia
653 458 855 536 praeberentur,
870 457 1029 537 quicunque
1042 455 1185 518 Laciades

218 546 247 604 in
259 548 354 606 villam
368 565 449 605 suam
463 547 636 605 devertisset.

258 725 336 784 XIX.
359 726 431 795 Quae
446 732 542 784 autem
556 743 651 803 opera,
666 746 722 785 uon
742 726 897 806 largitione,
913 725 1047 785 beneficia
1066 725 1182 795 dantur,

218 815 282 874 haec
290 823 352 873 tum
361 816 389 872 in
397 815 556 873 universam
563 835 622 874 rem
632 816 783 892 publicam,
795 825 854 873 tum
863 817 891 873 in
899 816 1024 894 singulos
1032 816 1107 874 cives
1116 835 1184 874 con-

188 910 205 962 2
219 905 356 963 feruntur.
378 905 454 986 ¹Nam
464 905 491 961 in
500 905 564 982 jure
575 923 683 972 cavere,
694 906 807 962 consilio
813 906 922 982 juvare,
931 915 1018 982 atque
1028 906 1082 962 hoc
1093 905 1184 963 scien·

219 995 266 1051 tim
288 1013 391 1072 genere
413 994 548 1071 prodesse
568 1013 655 1071 quam
675 995 809 1072 plurimis,
825 995 1005 1052 vehementer
1019 994 1099 1052 etad
1112 1013 1185 1072 opes

188 1089 206 1141 8
221 1083 367 1160 augendas
387 1084 517 1160 pertinet,
532 1090 562 1140 et
583 1083 620 1140 ad
642 1084 770 1161 gratiam.
812 1084 911 1160 ltaque
926 1103 991 1141 cum
1004 1083 1094 1140 multa
1108 1103 1185 1160 prae·

222 1173 298 1230 clara
309 1174 457 1251 majorum,
467 1180 528 1230 tum
538 1172 615 1249 quod
627 1173 732 1249 optime
742 1173 887 1230 constituti
894 1173 964 1250 juris
975 1173 1061 1230 civilis
1071 1191 1185 1230 summo

188 1265 207 1320 4
221 1281 334 1340 semper
346 1263 374 1320 in
387 1264 493 1321 honore
506 1262 560 1320 fuit
571 1262 692 1340 cognitio
702 1270 787 1339 atque
801 1262 1010 1340 interpretatio;
1026 1279 1111 1337 quam
1122 1261 1185 1337 qui-

222 1352 289 1410 dem
310 1361 375 1410 ante
397 1354 470 1411 hanc
494 1351 685 1410 conluuionem
706 1358 866 1428 temporum
886 1351 915 1407 in
937 1351 1111 1428 possessione
1131 1369 1187 1407 sua

223 1443 363 1518 principes
384 1442 574 1500 retinuerrmt:
595 1461 678 1507 nunc,
693 1448 726 1498 ut
739 1441 869 1507 honorae,
883 1447 916 1497 ut
930 1459 1028 1498 omnes
1040 1439 1187 1518 dignitatis

190 1537 208 1588 δ
223 1531 339 1608 gradus,
354 1530 393 1588 sic
407 1531 493 1607 hujus
508 1531 631 1588 scientiae
644 1530 778 1606 splendor
792 1529 901 1586 deletus
916 1538 975 1586 est:
996 1529 1081 1606 idque
1095 1547 1129 1586 eo
1142 1527 1186 1586 in-

223 1619 344 1696 dignius,
355 1619 431 1695 quod
443 1637 476 1675 eo
487 1625 616 1695 tempore
627 1620 681 1676 hoc
691 1619 817 1696 contigit,
824 1619 922 1676 cumis
933 1627 1017 1685 esset,
1028 1619 1076 1696 qui
1087 1637 1187 1676 omnes

224 1708 391 1783 superiores
416 1707 518 1782 quibus
545 1708 651 1765 honore
675 1727 727 1785 par
753 1715 836 1775 esset,
861 1708 975 1765 scientia
1001 1709 1082 1766 facile
1105 1708 1187 1765 vicis-

191 1802 208 1855 6
224 1805 275 1854 set.
317 1797 391 1853 Haec
404 1795 490 1873 igitur
504 1815 598 1872 opera,
610 1805 692 1875 grata
706 1798 809 1864 multis,
822 1805 851 1854 et
864 1797 901 1854 ad
915 1798 1055 1855 beneficiis
1065 1793 1187 1855 obstrin-

192 1885 208 1945 'l
223 1885 332 1965 gendos
345 1885 472 1943 homines
486 1887 707 1946 accommodata.
748 1887 854 1963 Atque'
868 1887 933 1944 huic
946 1887 1000 1943 arti
1013 1887 1129 1943 finitima
1142 1892 1188 1944 est

224 1975 336 2032 fflcendi
349 1975 477 2042 facultas,
489 1983 519 2033 et
531 1977 652 2053 gravior,
663 1984 693 2034 et
707 1977 837 2034 ornatior.
880 1976 954 2045 Quid
966 1977 1040 2033 enim
1054 1977 1186 2053 eloquen-

224 2065 264 2122 tia
288 2065 484 2142 praestabilius,
499 2066 545 2123 vel
569 2065 754 2123 admiratione
776 2065 959 2133 audientium,
975 2067 1020 2124 vel
1044 2085 1094 2142 spe
1116 2066 1187 2124 iudi·

193 2161 211 2213 8
225 2149 362 2233 gentium,
376 2155 420 2211 vel
442 2174 548 2222 eornm,
563 2155 612 2230 qui
625 2155 733 2212 defensi
754 2162 827 2221 sunt,
842 2156 957 2233 gratia?
999 2155 1074 2213 Huic
1088 2175 1156 2234 ergo
1169 2175 1188 2212 a

193 2251 211 2302 9
226 2245 379 2322 majoribus
390 2245 491 2301 nostris
500 2251 543 2301 est
553 2245 581 2301 in
591 2252 660 2322 toga
671 2243 814 2321 dignitatis
823 2245 996 2321 principatus
1007 2245 1100 2303 datus.
1135 2245 1187 2302 Di-

225 2335 292 2392 serti
312 2335 398 2412 igitur
417 2334 545 2402 hominis,
560 2342 589 2390 et
609 2334 690 2391 iacile
710 2334 872 2401 laborantis,
887 2333 1022 2410 quodque
1042 2335 1070 2391 in
1090 2335 1187 2411 patriis

226 2432 270 2481 est
283 2424 416 2490 moribus,
431 2425 585 2482 multorum
600 2442 697 2480 causas
712 2431 741 2480 et
754 2442 812 2480 non
826 2432 943 2500 gravate
957 2431 987 2480 et
1000 2424 1124 2500 gratuito
1138 2423 1187 2480 de·

174 2518 212 2572 10
226 2513 374 2578 tendentis
384 2514 518 2570 beneficia
529 2522 558 2570 et
569 2513 722 2589 patrocinia
733 2514 789 2569 late
801 2519 907 2588 patent.
947 2511 1133 2570 Admonebat
1142 2531 1188 2569 me

226 2621 279 2669 res,
294 2610 327 2659 ut
349 2604 403 2658 hoc
428 2621 540 2678 quoque
562 2602 624 2659 loco
645 2601 879 2659 intermissionem
900 2601 1075 2676 eloquentiae,
1090 2620 1125 2657 ne
1146 2601 1188 2658 di·

226 2710 289 2748 cam
303 2692 453 2758 interitum,
466 2692 659 2766 deplorarem:
680 2691 708 2747 ni
719 2709 836 2757 vererer,
848 2710 884 2746 ue
898 2692 934 2748 de
948 2710 993 2748 me
1007 2691 1069 2768 ipso
1083 2690 1189 2766 aliquid

227 2779 338 2836 viderer
352 2780 439 2854 queri.
482 2780 540 2836 Sed
563 2788 658 2837 tamen
672 2781 809 2846 videmus,
824 2780 926 2856 quibus
947 2780 1076 2837 extinctis
1096 2786 1188 2837 orato·

226 2868 313 2934 ribus,
329 2887 416 2944 quam
438 2868 466 2924 in
488 2869 585 2944 paucis
599 2889 673 2945 epea,
689 2877 795 2945 quanto
814 2869 843 2926 in
865 2869 1044 2946 paucioribus
1058 2869 1187 2936 facturas,

176 2963 211 3018 11
228 2949 313 3034 quarn
327 2959 356 3015 in
370 2959 467 3014 multis
481 2958 518 3015 sit
531 2958 657 3016 audacia.
694 2959 767 3015 (lum
781 2967 877 3015 autem
891 2977 987 3016 omnes
1001 2977 1056 3014 uon
1071 2958 1188 3034 possint,

227 3068 263 3106 ne
277 3049 358 3105 multi
372 3049 495 3124 quidem,
510 3055 560 3105 aut
581 3049 652 3126 juris
676 3048 758 3124 periti
778 3067 848 3114 esse,
863 3055 914 3104 aut
927 3047 1039 3114 diserti;
1060 3047 1127 3104 licet
1146 3055 1189 3104 ta-

228 3155 293 3194 men
307 3156 393 3213 opera
407 3139 541 3214 prodesse
556 3138 660 3204 multis,
676 3137 809 3194 beneficia
823 3144 976 3214 petentem,
992 3137 1188 3193 commendau-

228 3231 288 3281 tem
307 3225 457 3301 judicibus,
473 3227 692 3303 magistratibus,
709 3227 870 3304 vigilantem
892 3245 944 3302 pro
957 3245 988 3283 re
1002 3226 1125 3292 alterius,
1141 3243 1190 3282 eos

229 3314 314 3390 ipsos,
330 3314 377 3389 qui
398 3323 448 3370 aut
468 3315 661 3380 consuluntur,
677 3322 728 3371 aut
746 3314 910 3382 defendunt,
926 3321 1091 3392 rogantem:
1113 3313 1190 3390 quod

230 3404 278 3480 qui
291 3404 406 3469 faciunt,
422 3404 573 3480 plurimum
593 3404 692 3480 gratiae
708 3411 925 3480 consequuntur,
940 3404 1130 3479 latissimeque
1144 3421 1190 3459 eo-

179 3500 216 3554 12
232 3514 296 3551 rum
311 3501 408 3550 manat
421 3492 565 3550 industria.
607 3493 673 3551 lam
693 3494 763 3552 illud
785 3513 841 3550 non
863 3502 930 3550 sunt
950 3492 1121 3550 admonendi
1136 3490 1192 3568 (est

230 3584 304 3640 enim
317 3583 346 3640 in
360 3581 506 3660 promptu)
521 3589 554 3640 ut
567 3583 801 3650 animadvertant,
817 3602 882 3640 cum
899 3583 1000 3659 juvare
1013 3582 1082 3640 alios
1096 3581 1190 3648 velint,

180 3677 218 3731 13
232 3691 268 3730 ne
288 3691 359 3750 quos
379 3671 531 3730 offendant.
573 3672 657 3750 Saepe
671 3673 747 3730 enim
769 3679 820 3729 aut
842 3690 893 3729 eos
915 3671 1037 3739 laedunt,
1051 3689 1124 3749 quos
1136 3675 1193 3728 non
