2648 4288
157 349 195 404 14
572 359 610 398 nu
630 359 760 400 orrronn

178 499 195 550 1
210 489 304 548 Malus
318 489 393 548 enim
406 494 452 546 est
463 494 560 546 custos
573 487 764 546 diuturnitatis
777 494 879 554 metus,
894 493 1048 564 contraque
1061 487 1185 546 beniuo-

176 579 294 637 dlcntia
307 577 397 636 fidelis
410 577 455 634 vel
469 577 506 636 ad
521 578 748 654 perpetuitatem.
791 576 849 636 Sed
863 577 904 644 iis,
919 577 969 653 qui
981 577 1009 633 vi
1022 596 1184 655 oppressos

208 668 328 744 imperio
348 675 488 734 coercent,
503 668 540 726 sit
553 685 620 724 sane
641 667 804 726 adhibenda
825 667 943 733 saevitia,
959 675 991 724 ut
1005 667 1079 724 heris
1093 668 1122 724 in
1136 668 1182 724 fa·

177 757 193 816 'I
209 758 309 823 mulos,
325 757 349 815 si
363 757 445 814 aliter
463 757 550 814 teneri
570 775 626 814 non
647 764 774 833 possunt.
816 756 871 825 Qui
885 775 953 814 vero
966 757 994 814 in
1008 757 1097 814 libera
1111 756 1182 814 civi-

209 855 269 904 tate
283 847 324 904 ita
337 865 368 904 se
381 847 533 913 instruunt,
548 855 582 906 ut
595 855 766 913 metuantur,
782 845 826 904 his
839 846 908 902 nibil
928 852 1024 923 potest
1043 865 1106 904 esse
1127 848 1182 904 de·

177 942 194 994 8
209 936 338 994 mentius.
380 929 515 1005 Quamvis
529 936 603 994 enim
616 937 672 993 siut
685 936 823 993 demersae
836 937 915 1013 leges
929 935 1048 1012 alicujus
1063 936 1180 1012 opibus,

209 1026 337 1102 quamvis
359 1026 503 1084 timefacta
525 1026 648 1108 libertas,
664 1033 816 1103 emergunt
829 1033 925 1083 tamen
939 1027 1003 1084 haeo
1023 1026 1180 1101 aliquando

177 1120 195 1172 9
210 1123 260 1172 aut
271 1115 383 1192 judiciis
397 1115 497 1182 tacitis,
510 1123 560 1173 aut
570 1115 687 1174 occultis
698 1115 734 1172 de
745 1115 851 1172 bonore
861 1115 1011 1194 suffragiis.
1041 1115 1180 1172 Acriores

210 1212 308 1264 autem
334 1225 444 1264 morsus
471 1214 537 1264 sunt
563 1206 729 1263 intermissae
757 1205 901 1271 libertatis,
930 1223 1016 1281 quam
1049 1211 1178 1262 retentae.

159 1299 195 1352 10
210 1295 294 1364 Quod
308 1295 395 1374 igitur
416 1296 550 1352 latissime
571 1302 658 1373 patet,
673 1295 816 1371 nequead
829 1295 1052 1352 incolumitatem
1072 1294 1178 1362 solum,

209 1384 364 1442 sedetiam
385 1385 423 1442 ad
443 1405 513 1464 opes
534 1393 564 1442 at
583 1384 739 1461 potentiam
753 1384 830 1442 valet
849 1383 1010 1461 plurimum,
1024 1383 1055 1440 id
1068 1384 1179 1460 ample-

209 1482 328 1541 ctamur,
343 1483 376 1532 ut
390 1483 483 1532 metus
497 1474 584 1540 absit·
594 1474 697 1531 caritas
710 1474 880 1530 retineatur:
901 1473 941 1530 ita
955 1473 1094 1539 facillime,
1109 1491 1178 1549 quae

210 1563 345 1629 volemus,
361 1570 390 1620 et
400 1563 519 1639 privatis
534 1563 561 1619 in
575 1563 669 1629 rebus,
684 1571 714 1620 et
727 1563 755 1619 in
775 1581 805 1620 re
828 1563 942 1641 publica
964 1579 1177 1639 consequemur.

159 1655 193 1708 11
210 1650 329 1717 Etenim,
353 1653 401 1726 qui
422 1669 452 1708 se
474 1653 563 1708 metui
582 1653 685 1719 volent,
707 1671 724 1709 a
745 1653 848 1729 quibus
870 1660 1040 1718 metuantur,
1061 1652 1180 1710 eosdem

159 1744 195 1797 la
210 1747 339 1796 metuant
351 1739 403 1816 ipsi
424 1759 537 1800 necesse
559 1748 611 1798 est.
653 1741 729 1811 Quid
743 1743 817 1799 enim
831 1760 987 1808 censemus,
1003 1742 1180 1818 superiorem

209 1829 288 1886 illum
303 1829 479 1906 Dionysium,
493 1849 550 1906 quo
569 1831 697 1888 cruciatu
711 1832 817 1890 timoris
837 1832 904 1908 angi
917 1832 1040 1898 solitum,
1055 1831 1105 1906 qui
1118 1832 1178 1888 cul·

141 1937 147 1946 '
212 1929 271 1978 tros
285 1927 415 1976 metuens
428 1920 574 1987 tonsorios,
585 1920 724 1978 candente
738 1923 860 1979 carbone
873 1921 926 1979 sibi
936 1921 1077 1979 adurebat
1090 1921 1179 1997 capil-

159 2017 195 2070 13
211 2010 293 2068 lum?
315 2009 413 2078 erid‘i
435 2010 630 2068 Alexandrum
641 2011 803 2077 Pheraeum,
814 2029 871 2086 quo
886 2011 979 2068 animo
990 2010 1090 2067 vixisse
1104 2009 1179 2068 arbi-

209 2100 340 2158 tramur?
361 2099 419 2176 qui,
434 2107 466 2157 ut
480 2100 617 2176 scriptum
636 2101 765 2178 legimus,
780 2120 846 2158 cum
867 2119 983 2158 uxorem
998 2101 1114 2158 Theben
1127 2099 1179 2157 ad-

209 2191 327 2249 modum
349 2191 487 2268 diligeret,
502 2198 597 2247 tamen
617 2191 654 2246 ad
674 2209 738 2246 eam
756 2208 792 2246 ex
806 2191 897 2266 epulis
911 2191 938 2247 in
953 2190 1116 2248 cubiculum
1130 2209 1178 2246 ve·

210 2282 297 2348 niens,
314 2281 473 2346 barbarum,
488 2288 596 2336 etcum
616 2280 738 2357 quidem,
760 2286 793 2336 ut
814 2280 952 2356 scriptum
973 2288 1025 2346 est,
1042 2298 1179 2355 compun-

210 2380 288 2429 ctum
310 2371 383 2427 notis
405 2370 538 2436 Thraciis,
554 2370 689 2428 destricto
709 2369 805 2447 gladio
825 2370 946 2447 jubebat
959 2370 1083 2426 anteire:
1106 2387 1178 2446 prae·

210 2462 396 2536 mittebatque
406 2461 441 2516 de
450 2459 632 2535 stipatoribus
647 2460 713 2527 suis,
723 2460 771 2536 qui
786 2467 978 2516 scrutarentur
991 2459 1101 2516 arculas
1115 2478 1178 2516 mu-

210 2551 318 2615 liebres,
336 2556 374 2615 et,
389 2567 424 2605 ne
440 2549 517 2624 quod
530 2549 559 2605 in
572 2549 745 2606 vestimentis
766 2549 854 2605 telum
869 2549 1067 2615 occultaretur,
1082 2549 1178 2624 exqui-

160 2645 196 2696 14
212 2648 312 2696 renent.
345 2639 369 2694 Ο
381 2638 523 2703 miserum,
534 2638 582 2712 qui
596 2637 750 2694 fideliorem
761 2646 789 2694 et
800 2639 951 2696 barbarum
963 2645 992 2694 et
1006 2638 1179 2715 stigmatiam

212 2735 333 2804 putaret,
344 2745 430 2802 quam
445 2726 615 2802 conjugem!
644 2727 705 2783 Nec
721 2745 786 2784 eum
801 2727 907 2784 fefellit.
942 2727 992 2785 Ab
1003 2746 1037 2784 aa
1047 2735 1091 2783 est
1104 2727 1178 2784 enim

161 2823 197 2876 15
211 2817 274 2893 ipsa
284 2823 400 2892 propter
411 2814 558 2890 pellicatus
568 2816 755 2891 suspicionem
769 2817 942 2874 interfectus.
974 2817 1036 2874 Nec
1045 2835 1112 2873 vero
1121 2816 1178 2873 ulla

213 2905 252 2962 vis
266 2904 375 2981 imperii
395 2911 476 2960 tanta
498 2913 549 2970 est,
570 2923 643 2980 quae,
658 2914 804 2983 premente
824 2915 911 2972 metu,
927 2906 1017 2982 possit
1037 2925 1099 2963 esse
1117 2906 1178 2963 diu-

114 3059 128 3080 ·
162 3002 198 3055 16
213 3003 303 3053 turne.
345 2993 435 3052 Testis
455 3000 500 3050 est
519 2994 656 3061 Phalaris,
674 2997 755 3073 cujus
770 3005 814 3054 est
828 3005 934 3074 praeter
952 3004 1060 3054 ceteros
1081 2996 1178 3053 nobili-

213 3093 272 3142 tata
287 3084 451 3142 crudelitas:
473 3083 521 3161 qui
535 3104 591 3142 non
605 3104 639 3142 ex
653 3086 757 3142 insidiis
772 3086 885 3152 interiit,
899 3094 932 3143 ut
946 3085 977 3151 ia,
993 3103 1078 3162 quem
1093 3085 1178 3143 modo

213 3173 277 3240 dixi,
292 3173 464 3241 Alexander,
479 3193 535 3231 non
549 3194 566 3230 a
580 3175 687 3251 paucis,
697 3183 729 3232 ut
741 3176 785 3232 hic
796 3182 900 3242 noster,
910 3174 961 3232 sed
976 3174 1004 3231 in
1018 3193 1104 3250 quem
1119 3173 1177 3231 uni·

163 3263 198 3324 17
213 3281 298 3320 versa
308 3263 560 3340 Agrigentinorum
576 3265 729 3322 multitudo
742 3265 882 3341 impetum
892 3264 967 3322 iecit.
999 3264 1096 3333 Quid?
1117 3263 1177 3321 lda-

213 3353 333 3410 cedones
344 3364 435 3410 nonne
446 3353 622 3411 Demetrium
636 3355 819 3431 reliquerunt,
828 3355 1005 3431 universique
1016 3372 1047 3411 sc
1058 3353 1095 3411 ad
1106 3354 1178 3430 Pyr·

213 3443 296 3500 rhum
307 3442 507 3500 contuderunt?
530 3443 627 3512 Quid?
649 3445 880 3502 Lacedaemonios
891 3445 995 3521 injuste
1006 3444 1178 3520 imperantes

213 3549 304 3590 nonne
326 3539 441 3608 repente
463 3551 561 3591 omnes
581 3534 640 3591 fera
654 3535 721 3592 socii
735 3533 928 3598 deseruerunt,
945 3540 1178 3610 spectatoresque

214 3640 244 3680 se
254 3620 359 3679 otiosos
370 3623 554 3698 praebuerunt
564 3623 720 3682 Leuctricae
730 3623 919 3681 calamitatis?
954 3622 1040 3680 VIII.
1055 3622 1179 3680 Externa

182 3715 200 3768 2
213 3711 345 3772 libentius
356 3711 387 3768 iu
398 3711 449 3770 tali
461 3731 500 3780 re,
513 3732 600 3790 quam
614 3713 777 3781 domestica,
790 3712 932 3772 recordor.
964 3711 1178 3782 Verumtamen,
