2750 4284
547 327 633 366 ιιιιι
646 327 689 368 ιι.
731 326 798 368 ιιι.
812 328 857 367 ιιι.
1177 315 1215 371 89

198 455 266 534 quin
275 474 421 533 nunquam
433 455 521 534 possit
532 456 637 514 utilitas
648 475 713 514 cum
723 457 872 514 honestate
883 455 1061 517 contendere.
1103 459 1161 516 Ita-
1176 465 1194 518 8

198 563 255 622 que
267 546 436 623 accepimus,
451 546 597 603 Socratem
618 546 743 604 execrari
764 547 878 604 solitum
892 565 950 614 eoa,
969 547 1018 623 qui
1039 548 1162 625 primum

197 636 269 703 brec,
282 642 385 692 natura
398 635 576 702 coherentia,
591 635 720 712 opinione
734 636 937 694 distraxissent.
979 636 1032 694 Oui
1046 637 1161 714 quidem
1175 642 1194 695 4

197 725 237 781 ita
261 731 329 782 sunt
352 725 441 784 Stoici
464 725 579 792 assensi,
594 731 627 782 ut
651 733 681 783 ot
704 725 837 802 quicquid
862 727 1012 784 honestum
1034 733 1116 794 esset,
1131 727 1161 784 id

197 814 266 870 utile
288 832 350 872 esse
373 821 537 881 censerent;
560 833 612 872 nec
635 815 704 872 utile
725 815 885 891 quicquam,
900 815 978 892 quod
999 835 1055 873 non
1075 816 1161 874 bone·

197 909 283 964 stum.
325 903 434 971 Quodsi
447 904 471 960 is
485 910 561 960 essct
573 904 726 972 Panaetius,
742 905 790 980 qui
803 904 937 962 virtutem
951 913 1101 983 propterea
1115 925 1160 964 co·
1176 915 1194 966 ὅ

197 991 310 1049 landam
332 992 446 1059 diceret,
462 993 538 1069 quod
560 1011 594 1050 ea
615 993 737 1050 efficiens
761 993 890 1052 utilitatis
913 1002 1007 1068 esset;
1025 1003 1059 1053 ut
1071 996 1097 1063 ii,
1113 996 1162 1072 qui

197 1099 243 1138 res
258 1081 431 1159 expetendas
440 1083 485 1139 vel
499 1082 646 1158 voluptate
655 1082 699 1139 vel
713 1083 868 1140 indolentia
881 1083 1049 1142 metiuntur:
1065 1085 1162 1142 liceret

196 1171 222 1228 ei
236 1171 338 1238 dicere,
353 1171 504 1228 utilitatem
527 1170 680 1247 aliquando
694 1191 759 1228 cum
773 1173 923 1230 honestate
944 1192 1080 1250 pugnare.
1103 1174 1161 1231 Sed
1175 1179 1194 1233 6

197 1279 262 1316 cum
275 1259 312 1316 sit
325 1259 357 1325 is,
373 1259 422 1335 qui
441 1259 470 1316 id
491 1260 583 1317 solum
598 1261 704 1316 bonum
716 1259 836 1337 judicet,
852 1261 929 1336 quod
943 1263 1094 1319 honestum
1108 1265 1145 1320 sit
1153 1283 1161 1331 ;

197 1365 261 1424 quae
282 1355 378 1404 autem
399 1348 466 1405 huic
490 1355 651 1426 repugnent
665 1349 758 1426 specie
772 1349 897 1424 quadam
911 1351 1047 1418 utilitatis,
1063 1371 1162 1410 eorum

196 1455 289 1511 neque
309 1437 471 1494 accessione
491 1437 635 1495 meliorem
651 1438 739 1495 vitam
758 1439 826 1505 fieri,
841 1457 893 1496 nec
907 1439 1069 1498 decessione
1083 1442 1161 1519 pejo-

196 1545 273 1582 rem:
294 1545 351 1582 non
365 1525 477 1582 videtur
498 1527 560 1603 ejus
582 1527 659 1584 modi
682 1527 811 1585 debuisse
833 1528 1061 1587 deliberationem
1075 1531 1161 1589 intro·

196 1615 310 1682 ducere,
325 1615 353 1672 in
367 1634 432 1692 quo,
447 1615 525 1693 quod
539 1616 607 1674 utile
621 1617 772 1683 videretur,
785 1637 850 1675 cum
865 1637 907 1684 eo,
919 1619 996 1695 quod
1011 1620 1162 1678 honestum

198 1712 250 1770 est,
258 1711 478 1781 compararetur.
501 1705 613 1762 Etenim
623 1706 700 1782 quod
712 1726 855 1764 summum
866 1709 973 1766 bonum
982 1727 999 1764 a
1008 1709 1109 1767 Stoicis
1118 1710 1159 1767 di·
1175 1709 1193 1769 'l

197 1795 277 1861 citur,
293 1795 491 1852 convenienter
509 1802 618 1852 naturae
632 1796 735 1863 vivere,
749 1796 778 1853 id
799 1797 886 1854 habet
906 1799 989 1864 hanc,
1006 1805 1039 1855 ut
1053 1799 1160 1875 opinor,

196 1884 373 1950 sententiam,
396 1904 461 1941 cum
485 1885 590 1942 virtute
612 1904 769 1962 congruere
791 1905 918 1962 semper;
932 1893 1034 1944 cetera
1054 1895 1159 1956 autom,

198 1992 262 2050 quar
276 1973 433 2030 secundum
453 1981 584 2031 naturam
606 1982 708 2040 essent,
723 1975 763 2031 ita
784 1976 888 2052 legere,
903 1977 927 2032 si
941 1995 974 2034 ea
987 1977 1084 2034 virtuti
1103 1997 1161 2036 non

197 2070 399 2140 repugnarent.
442 2063 526 2131 Quod
542 2083 608 2120 oum
626 2063 666 2120 ita
679 2064 723 2130 sit,
735 2071 843 2139 putant
856 2065 981 2141 quidam,
997 2066 1070 2122 hanc
1084 2086 1159 2124 com·
1175 2074 1193 2127 8

197 2153 371 2254 parationem
384 2171 440 2208 non
454 2159 587 2209 rectet
546 2153 587 2209 int
588 2152 746 2220 roductam,
761 2173 814 2212 nec
828 2154 941 2210 omnino
954 2153 991 2210 de
1005 2173 1039 2210 eo
1054 2173 1159 2232 genere

196 2241 347 2318 quicquam
363 2240 586 2318 praecipiendum
601 2242 696 2299 fuisse

179 2319 200 2392 s
235 2330 333 2406 Atque
353 2331 423 2387 illud
444 2330 559 2406 quidem
579 2331 739 2397 honestum,
754 2331 832 2406 quod
853 2332 966 2408 proprie
980 2350 1102 2407 vereque
1117 2332 1159 2390 di·
1174 2339 1192 2393 9

179 2420 277 2496 jcitur,
291 2420 348 2478 id'
341 2441 369 2476 ιι
389 2421 499 2497 sapient
488 2421 564 2477 tibus
585 2427 630 2478 est
649 2421 723 2486 solis,
739 2439 831 2496 neque
850 2441 868 2477 a
881 2422 985 2479 virtute
999 2422 1093 2480 divelli
1108 2442 1158 2479 un-

178 2522 187 2588 ζ
196 2529 281 2611 quam
296 2517 399 2586 potest
439 2509 503 2565 In'
487 2529 520 2566 us
534 2516 584 2566 aut
585 2528 638 2576 em,
654 2510 682 2566 in
697 2510 799 2586 quibus
813 2510 951 2587 sapientia
964 2515 1090 2588 perfecta
1103 2531 1160 2569 non

196 2605 239 2656 est
240 2599 352 2675 ,ipsum
367 2599 437 2656 illud
451 2599 567 2674 quidem
583 2599 742 2675 perfectum
756 2601 906 2658 honestum
921 2603 999 2659 nullo
1013 2602 1145 2669 modo,
1122 2622 1159 2659 sr-

195 2688 365 2746 militudines
385 2688 496 2744 honesti
517 2707 579 2745 esse
600 2696 727 2765 possunt.
769 2690 841 2747 Haeo
859 2691 933 2746 enim
952 2692 1045 2748 omnia
1060 2692 1157 2758 officia,
1176 2698 1212 2751 10

195 2776 348 2879 dequibus
363 2778 406 2834 bis
420 2778 500 2834 libris
515 2777 613 2854 disput
614 2797 703 2843 amus,
719 2778 811 2835 media
833 2779 892 2836 st·
855 2780 920 2838 torci
940 2781 1104 2857 appellant:
1126 2800 1160 2838 aa

195 2867 354 2924 communia
368 2875 441 2933 sunt,
454 2874 483 2924 et
471 2867 553 2924 tlate
568 2875 685 2968 patent:
701 2885 766 2942 quae
777 2876 806 2924 et
819 2859 923 2945 in'genir
916 2870 1063 2927 bonitate
1077 2871 1160 2928 multi

190 2943 383 3032 :assequuntur
396 2963 426 3012 et
440 2957 635 3034 progressione
650 2956 784 3016 discendi.
827 2958 905 3015 Illud
919 2967 1015 3015 autem
1027 2960 1158 3027 officium,
1175 2964 1210 3018 11

194 3045 272 3121 quod
286 3053 346 3102 rect
347 3064 396 3101 um
408 3044 493 3102 iidem
503 3039 656 3122 appellant,
668 3047 823 3122 perfectum
834 3055 919 3123 atque
930 3048 1042 3105 absolut
1031 3056 1091 3106 tum
1106 3056 1158 3116 est,

195 3143 232 3201 et,
247 3141 280 3191 ut
268 3134 386 3191 tiidom
401 3133 507 3200 dicunt,
523 3153 622 3192 omnes
641 3153 774 3192 numeros
793 3136 900 3203 habet;
921 3155 981 3203 nec,
998 3147 1102 3214 praeter
1115 3157 1169 3195 sau

194 3223 326 3300 piantem,
343 3223 444 3280 cadere
463 3223 492 3279 in
506 3241 678 3298 quemquam
700 3232 803 3300 potest.
846 3225 922 3282 (lum
942 3233 1038 3284 autem
1053 3227 1158 3303 aliquid
1175 3231 1211 3286 12

194 3321 290 3369 actum
308 3320 360 3378 est,
375 3311 474 3388 inquo
492 3312 585 3370 media
604 3312 694 3370 officia
712 3321 901 3390 compareant,
916 3315 945 3372 id
965 3317 1106 3374 cumulate
1120 3318 1159 3374 vi·

195 3401 279 3458 detur
300 3421 362 3458 esse
383 3402 550 3478 perfectum,
573 3408 725 3478 propterea
743 3402 820 3478 quod
835 3404 946 3482 vulgus,
961 3405 1030 3479 quid
1049 3406 1123 3462 absit
1142 3426 1159 3463 a

196 3490 330 3564 perfecto,
346 3509 401 3547 non
421 3491 481 3548 fere
502 3490 641 3568 intelligit,
656 3500 795 3566 quatenus
816 3502 911 3549 autem
932 3493 1070 3569 intelligit,
1090 3493 1158 3550 nihil

194 3586 279 3656 putat
298 3580 531 3656 praetermissum.
574 3581 658 3650 Quod
679 3581 755 3639 idem
775 3581 803 3638 in
825 3582 971 3658 poe'metis,
992 3581 1021 3637 in
1042 3581 1159 3657 picturis
1175 3589 1212 3642 la

194 3685 250 3726 usu
270 3669 356 3738 vonit,
375 3669 405 3726 in
424 3670 542 3746 ubisque
563 3670 766 3748 compluribus,
786 3676 820 3727 ut
838 3669 1016 3728 delectantur
1039 3669 1160 3748 imperiti

684 3756 723 3818 g*
