2750 4284
434 363 520 402 amns
533 363 576 402 111.
618 361 685 404 oss.
699 363 793 402 xxm.
1072 348 1131 408 115

17 519 23 556 ι
107 489 151 548 de
167 490 255 548 Ulixe
268 489 346 548 nulla
358 490 481 567 suspicio
501 489 567 569 est),
581 490 633 548 sed
652 491 812 548 insimulant
831 508 898 548 eum
917 491 1077 569 tragoedia,

17 609 21 646 ι
108 579 294 638 simulatione
317 579 432 636 insaniae
458 578 586 644 militiam
613 581 812 656 subterfugere
839 580 969 638 voluisse.
1011 582 1111 644 Nous
1159 591 1164 596 '

17 701 20 736 ι
107 671 269 728 honestum
293 669 445 726 consilium
486 670 531 726 At
554 670 631 736 utile,
652 677 686 726 ut
706 669 805 746 aliquis
825 670 944 728 fortasse
964 670 1076 739 dixerit,

17 791 18 826 1
109 777 237 836 regnare
252 765 282 816 ct
295 758 404 816 Ithacae
417 759 510 816 vivere
523 758 612 816 otiose
633 777 698 816 cum
713 759 883 835 parentibus,
900 778 965 816 eum
979 778 1075 828 uxore,

110 867 183 906 cum
197 849 261 906 filio.
303 847 403 906 Ullum
416 855 449 904 tu
462 847 550 904 decus
567 847 595 904 in
609 847 777 923 quotidianis
797 848 940 906 laboribus
960 855 990 907 et
1004 850 1076 926 peri-

110 938 188 995 culis
202 957 267 994 oum
281 938 335 994 bae
349 937 550 1013 tranquillitate
564 937 764 994 conferendum
785 937 893 1014 putas?
934 937 996 1015 Ego
1010 957 1077 996 vero
1091 945 1109 997 3

110 1027 200 1086 istam
214 1026 447 1084 contemnendam
459 1033 490 1082 et
503 1025 707 1101 abjiciendam:
728 1026 869 1102 quoniam,
880 1044 945 1102 quae
958 1027 1077 1086 honesta

111 1135 171 1172 non
186 1116 231 1182 sit,
246 1134 280 1174 ne
294 1115 393 1172 utilem
406 1114 521 1190 quidem
534 1133 596 1170 esse
617 1115 745 1172 arbitror.
788 1115 863 1183 Quid
878 1115 951 1172 euim
965 1117 1076 1174 auditu·
1090 1122 1111 1175 4

111 1223 181 1262 rum
196 1211 281 1280 putas
294 1203 381 1260 tuisse
395 1203 516 1272 Ulixem,
532 1202 596 1260 siin
615 1203 662 1260 illa
682 1203 858 1260 simulatione
872 1205 1075 1279 perseveraris-

113 1293 185 1350 set?
206 1293 254 1368 qui
268 1311 334 1350 cum
347 1292 484 1349 maximas
497 1309 542 1348 res
562 1292 681 1370 gesserit
694 1292 723 1348 in
736 1292 820 1358 bello,
835 1299 931 1350 tamen
944 1293 1006 1350 haec
1026 1311 1076 1352 au·

113 1381 178 1438 diat
191 1381 228 1438 ab
242 1367 353 1457 iijaoe:

281 1469 370 1543 Cujus
382 1469 438 1542 cirne
446 1469 576 1542 princeps
582 1469 661 1543 juris
665 1469 789 1543 jurandi
793 1470 866 1544 ficit,

282 1559 365 1630 Quod
378 1577 468 1616 omnes
481 1559 562 1626 scitis,
578 1559 653 1616 solus
666 1559 783 1632 neglexit
790 1560 889 1634 fidem.

276 1647 381 1706 Furere
393 1649 564 1715 assimulare,
579 1667 613 1704 ne
625 1649 714 1716 coiret,
729 1650 838 1708 institit.

281 1737 363 1808 Quod
375 1737 407 1793 rcc'
421 1737 583 1794 Palamedis
588 1738 732 1810 perspicae
739 1739 894 1812 prudentia

275 1825 367 1884 Istius
374 1836 511 1900 percepset
524 1828 694 1884 malitiosam
708 1829 864 1896 andaciam,

275 1916 347 1974 Fide
360 1917 533 1991 seeretoejccs
541 1925 673 1990 perpetuo
678 1918 800 1991 falleret.

116 2007 164 2066 Illi
176 2024 244 2064 vero
257 2023 313 2062 non
326 2005 412 2062 modo
427 2025 492 2062 oum
502 2006 640 2072 hostibus,
650 2006 842 2062 verumetiam
855 2024 921 2062 cum
934 2005 1076 2074 fluctibus,
1091 2015 1109 2066 ὅ

117 2096 147 2154 id
160 2093 238 2170 quod
252 2093 328 2159 iecit,
343 2092 475 2150 dimicare
489 2093 589 2149 melius
603 2092 665 2158 fuit,
680 2111 767 2169 quam
788 2092 918 2150 deserere
938 2095 1077 2152 consenti-
1173 2137 1182 2156 .

119 2191 213 2242 entem
228 2181 370 2239 Graeciam
384 2180 421 2238 ad
435 2181 542 2239 behem
554 2180 681 2238 barbaris
694 2180 879 2238 inferendum.

159 2358 217 2416 Sed
244 2358 409 2416 omittamus
429 2364 459 2416 ct
484 2357 656 2424 tabuisset
682 2365 809 2414 externa:
831 2357 867 2416 ad
891 2376 953 2416 rem
974 2358 1111 2418 faurama

120 2457 301 2523 nostramque
314 2447 468 2504 veniamus.
509 2447 547 2504 M.
565 2446 669 2504 Atilius
690 2447 879 2523 Regulus,
894 2466 959 2504 cum
980 2448 1110 2506 consuli

120 2539 220 2596 iterum
234 2537 263 2593 iu
272 2536 372 2592 Africa
381 2555 417 2592 ex
431 2533 535 2592 insidiis
549 2541 651 2611 captus
665 2541 749 2600 esset,
761 2535 833 2591 duce
847 2535 1011 2612 Xanthippo
1025 2537 1078 2594 La-

122 2625 300 2692 cedaemonio,
322 2625 493 2700 imperatore
513 2630 608 2680 autem
627 2631 708 2700 patre
728 2623 894 2681 Hannibalis
909 2623 1078 2692 Hamilcare,

120 2717 229 2793 jur-atus
242 2714 345 2770 missus
358 2720 403 2770 est
416 2712 453 2769 ad
473 2719 611 2780 senatum,
626 2720 668 2780 ut,
682 2711 734 2769 nisi
753 2712 856 2771 redditi
876 2720 970 2772 essent
982 2715 1079 2772 Poenis

123 2804 222 2880 captivi
236 2803 343 2861 nobiles
363 2802 487 2878 quidam,
509 2801 614 2858 rediret
633 2801 694 2878 ipse
712 2801 927 2878 Karthaginem.
968 2804 998 2860 Is
1012 2811 1110 2863 cumb

123 2894 238 2951 Romam
252 2891 382 2957 venisset,
402 2890 531 2948 utilitatis
551 2890 674 2966 speciem
694 2889 816 2956 videbat,
832 2889 883 2947 scd
897 2898 1079 2958 semestres
1172 2955 1176 2968 ι

124 2981 252 3048 declarat,
266 2979 368 3037 salsam
379 2978 534 3055 judicavit:
555 2997 621 3055 quae
630 2985 692 3035 erat
705 2979 786 3036 talis:
808 2997 922 3037 manere
935 2979 964 3036 in
977 2981 1078 3054 patria,

124 3088 180 3128 csse
193 3069 271 3126 domi
290 3087 351 3126 susc
367 3087 433 3126 cum
453 3085 550 3134 uxore,
564 3085 630 3124 eum
650 3067 763 3132 liberis;
784 3085 869 3142 quam
890 3067 1079 3126 calamitatem

126 3158 276 3234 accepisset
289 3157 317 3215 in
331 3153 414 3222 bello,
430 3173 608 3214 communem
620 3155 742 3212 fortunae
762 3155 873 3212 bellicae
892 3155 1077 3233 judicantem,

126 3255 214 3306 tenere
235 3244 391 3303 consularis
413 3243 557 3320 dignitatis
577 3243 707 3319 gradum.
750 3243 820 3312 Quis
834 3243 896 3301 haec
915 3252 1002 3322 neget
1015 3264 1078 3304 esse

127 3335 219 3394 utilia?
251 3334 344 3402 Quem
358 3333 477 3390 censes?
506 3331 674 3408 Magnitudo
687 3331 771 3388 animi
785 3339 815 3388 ct
833 3333 970 3391 fortitudo
983 3341 1078 3410 negat.

127 3423 241 3482 XXVII.
264 3422 343 3478 Num
355 3420 553 3496 locupletiores
567 3420 670 3496 quaeris
687 3422 840 3478 auctores?
881 3422 992 3478 Harum
1005 3423 1080 3478 euim
1157 3447 1162 3460 ·

128 3521 165 3571 est
188 3511 324 3568 virtutum
352 3509 506 3585 proprium,
528 3509 596 3567 nihil
622 3509 813 3576 extimescere,
839 3510 931 3566 omnia
957 3510 1081 3566 humana

128 3599 273 3677 despicere,
288 3596 365 3663 nihil,
380 3598 458 3674 quod
478 3598 584 3655 homini
604 3597 733 3655 accidere
750 3597 848 3673 possit,
868 3595 1079 3654 intolerandum

129 3685 228 3771 putare.
269 3687 372 3764 Itaque
396 3685 464 3764 quid
491 3687 580 3744 iecit?
622 3687 657 3744 In
683 3693 814 3744 senatum
840 3684 926 3754 venit,
947 3683 1112 3744 mandatass
