2648 4288
140 415 144 422 ¹
183 351 223 406 84
598 363 635 402 nr
657 347 784 403 orrrcns

201 493 218 551 ’1
273 491 411 570 Idemque
435 493 574 570 praecipit
599 500 632 550 ut
656 512 705 549 eos
726 491 904 548 adversarios
928 490 1133 559 existimemus,
1160 492 1222 568 qui
1315 527 1316 530 =

232 601 311 639 arma
324 593 422 639 contra
437 583 546 650 serant;
562 602 618 639 non
628 601 686 648 eos,
697 581 746 658 qui
761 600 814 638 suo
825 581 934 658 judicio
947 581 1020 638 tueri
1033 599 1094 638 rem
1110 583 1220 658 publi-

232 690 295 728 cam
310 672 414 728 velint:
436 672 527 748 qualis
548 672 602 729 luit
622 673 695 729 inter
714 671 747 752 P
763 671 940 737 Africanum,
955 671 1032 740 etQ.
1053 671 1221 730 Metellum

232 761 291 818 sine
306 762 460 819 acerbitate
474 761 618 818 dissensio.

200 857 218 909 8
272 851 334 907 Nec
349 870 415 906 vero
429 850 570 916 audiendi,
586 851 634 927 qui
647 849 772 926 graviter
792 848 909 906 inimicis
922 849 1104 907 nascendum
1118 857 1219 927 puta-

232 940 312 1006 bunt,
327 940 414 1016 idque
434 939 606 1016 magnanimi
620 949 650 996 et
663 939 744 996 fortis
758 939 809 995 viri
830 957 893 995 esse
916 940 1081 998 censebunt.
1124 940 1219 999 Nihil
1318 965 1320 1008 ι

232 1029 305 1086 enim
319 1029 496 1095 laudabilius,
509 1028 577 1086 nihil
591 1047 697 1106 magno
711 1035 741 1085 et
754 1028 894 1105 praeclaro
905 1028 965 1086 viro
979 1029 1092 1107 dignius
1107 1030 1217 1107 placa-

201 1119 340 1176 tlbilitate
362 1127 448 1195 atque
468 1119 624 1176 clementia.
667 1119 702 1174 In
715 1118 811 1176 liberis
825 1136 892 1174 vero
912 1119 1027 1195 populis
1040 1127 1070 1176 et
1083 1119 1112 1176 in
1131 1121 1217 1197 juris

233 1209 425 1286 aequabilitate
447 1209 606 1268 exercenda
627 1207 712 1265 etiam
732 1215 777 1264 est
795 1207 915 1265 facilitas
929 1214 959 1264 et
972 1209 1094 1265 altitudo
1108 1210 1215 1278 animi,
1313 1214 1318 1231 '

232 1316 298 1376 quae
313 1299 434 1357 dicitur:
457 1318 501 1366 ne,
517 1299 540 1356 si
553 1299 708 1356 irascamur
721 1306 772 1355 aut
790 1297 988 1373 intempestive
1002 1299 1216 1358 accedentibus

233 1398 283 1445 aut
297 1389 478 1464 impudenter
498 1389 675 1465 rogantibus,
690 1387 718 1443 in
732 1386 928 1444 morositatem
940 1387 1068 1444 inutilem
1082 1394 1112 1445 et
1126 1389 1214 1446 odio·

182 1482 218 1534 10
233 1497 294 1533 sam
306 1479 471 1534 incidamus
504 1478 542 1533 Et
553 1487 648 1533 tamen
659 1477 697 1531 ita
709 1475 856 1550 probanda
865 1483 909 1533 est
919 1477 1108 1534 mansuetudo
1117 1486 1213 1555 atque

233 1565 389 1630 clementia,
414 1574 447 1621 ut
471 1565 641 1621 adhibeatur
662 1565 845 1640 reipublicae
868 1583 954 1622 causa
977 1568 1122 1635 severitas,
1145 1569 1213 1626 sine

182 1659 216 1711 11
233 1673 289 1730 qua
309 1654 497 1710 administrari
517 1654 614 1710 civitas
635 1673 691 1709 non
713 1661 815 1728 potest.
858 1655 958 1712 Omnis
978 1664 1075 1714 autem
1095 1665 1126 1714 et
1146 1660 1211 1716 ani-

233 1743 391 1800 madversio
411 1751 441 1799 et
462 1742 610 1820 castigatio
631 1744 801 1800 contumelia
815 1763 915 1801 vacare
934 1745 1037 1803 debet:
1059 1749 1212 1824 nequead

233 1832 258 1908 ej
264 1851 303 1898 us,
315 1832 365 1908 qui
376 1832 491 1907 punitur
501 1831 622 1908 aliquem
633 1841 684 1889 aut
694 1833 786 1889 verbis
798 1834 927 1911 castigat,
940 1835 991 1892 sed
1005 1836 1042 1893 ad
1057 1838 1097 1894 rei
1111 1839 1211 1914 publi·

182 1926 218 1977 12
233 1939 274 1978 cae
288 1921 435 1978 utilitatem
458 1922 561 1978 referri.
606 1922 770 1979 Cavendum
785 1931 829 1980 est
843 1924 938 1990 etiam,
953 1945 988 1982 ne
1003 1928 1095 2004 major
1115 1948 1210 2004 poena
1317 1913 1319 1951 ³

233 2029 319 2086 quam
334 2011 418 2088 culpa
433 2011 476 2078 sit,
493 2019 521 2068 et
536 2031 571 2069 ne
585 2011 683 2068 iisdem
698 2012 735 2068 de
751 2013 841 2069 causis
856 2013 901 2070 alii
922 2015 1092 2089 plectantur,
1108 2019 1154 2075 alii
1169 2039 1210 2077 ne

233 2101 414 2178 appellentur
434 2102 557 2178 quidem.
600 2102 782 2160 Prohibenda
803 2111 899 2159 autem
920 2106 1043 2162 maxime
1057 2117 1102 2164 est
1121 2109 1162 2164 ira
1176 2109 1209 2166 in

183 2197 218 2249 la
234 2192 384 2268 puniendo.
427 2193 580 2268 Nunquam
602 2192 788 2258 ammiratus
808 2193 856 2268 qui
876 2194 994 2250 accedet
1017 2195 1054 2252 ad
1077 2217 1206 2274 poenam,

233 2283 457 2340 mediocritatem
471 2283 548 2339 illam
563 2281 680 2348 tenebit,
692 2300 757 2357 quae
770 2293 813 2338 est
827 2282 899 2339 inter
914 2283 1031 2342 nimium
1042 2297 1072 2342 ct
1082 2306 1206 2364 parum;

233 2392 298 2448 quae
315 2374 408 2450 placet
422 2371 668 2449 Peripateticis'et
683 2380 759 2428 recte
775 2371 885 2448 placet:
902 2373 988 2430 modo
1003 2393 1037 2431 ne
1051 2376 1207 2435 laudarent

183 2466 219 2518 14
233 2462 415 2528 iracundiam,
431 2472 460 2519 et
480 2462 615 2527 dicerent,
635 2461 741 2516 utiliter
760 2479 777 2516 a
798 2470 898 2518 natura
920 2462 1025 2521 datam.
1068 2467 1122 2522 Illa
1136 2487 1206 2525 vero

233 2553 362 2609 omnibus
384 2552 413 2608 in
435 2552 520 2607 rebus
541 2549 718 2626 repudianda
738 2557 790 2617 est,
812 2551 1036 2629 optandumque,
1055 2562 1087 2611 ut
1106 2557 1134 2622 ii,
1155 2559 1207 2634 qui

234 2649 364 2718 praesunt
378 2641 417 2696 rei
432 2640 563 2714 publicae,
579 2640 675 2714 legum
698 2638 801 2695 similes
815 2640 877 2707 sint,
893 2661 959 2718 quae
975 2643 1012 2700 ad
1027 2646 1205 2720 puniendum

232 2748 288 2786 non
302 2729 454 2793 iracundia,
471 2728 521 2784 sed
536 2727 671 2803 aequitate
686 2727 837 2786 ducuntur.

273 2907 380 2964 XXVI.
403 2907 501 2982 Atque
516 2905 600 2962 etiam
619 2905 647 2962 in
668 2907 753 2964 rebus
774 2909 916 2984 prosperis
931 2918 960 2968 et
974 2912 1011 2969 ad
1025 2914 1205 2976 voluntatem

235 3006 360 3060 nostram
382 2997 534 3053 liuentibus
555 2997 716 3073 superbiam
736 3016 841 3074 magno
855 3017 949 3075 opere,
964 3001 1110 3062 fastidium
1124 3025 1203 3065 arro·

201 3089 416 3167 2gantiamquc
438 3087 589 3164 fugiamus.
632 3087 707 3143 Nam
729 3095 761 3143 ut
782 3087 915 3145 adversas
936 3109 989 3158 reS,
1005 3093 1044 3150 sic
1060 3096 1203 3156 secundas

233 3177 418 3237 immoderate
438 3177 511 3232 ferre
533 3176 652 3232 levitatis
674 3185 734 3232 est:
758 3178 951 3254 praeclaraque
966 3190 1010 3237 est
1024 3185 1204 3259 aequabilitas

232 3270 260 3327 in
275 3267 350 3325 omni
366 3267 430 3331 vita,
447 3274 476 3323 et
495 3265 570 3322 idem
592 3285 705 3342 semper
719 3267 814 3322 vultus
835 3268 995 3344 eademque
1015 3272 1101 3340 frons,
1117 3283 1150 3331 ut
1163 3276 1203 3335 de

201 3369 218 3420 3
235 3361 351 3418 Socrate
362 3357 486 3431 itemque
498 3354 533 3411 de
546 3355 578 3410 C.
591 3355 680 3411 Laelio
693 3355 862 3432 accepimus.
898 3357 1063 3436 Philippum
1074 3364 1201 3438 quidem,

233 3447 422 3506 Macedonum
446 3463 552 3521 regem,
569 3445 653 3499 rebus
672 3444 760 3520 gestis
775 3454 804 3500 et
817 3447 907 3523 gloria
921 3461 1087 3524 superatum
1102 3473 1119 3510 a
1133 3455 1200 3522 filio,

200 3547 218 3598 4
233 3539 366 3597 facilitate
377 3545 406 3592 et
417 3534 592 3590 humanitate
604 3533 684 3590 video
697 3536 869 3610 superiorem
881 3537 975 3595 luisse.
1012 3541 1113 3618 Itaque
1128 3545 1202 3603 alter

233 3647 345 3706 semper
358 3643 488 3703 magnus,
503 3625 575 3680 alter
589 3643 667 3700 saepe
687 3624 883 3699 turpissimus:
906 3636 938 3684 ut
951 3637 1028 3687 recta
1043 3634 1201 3711 praecipera

231 3718 388 3784 rideantur,
409 3714 457 3791 qui
479 3720 604 3779 monent,
625 3720 666 3780 ut,
687 3721 794 3789 quanto
816 3717 974 3791 superiores
994 3739 1102 3789 sumus,
1118 3731 1200 3783 tanto
