2648 4288
134 305 174 362 00
543 319 582 358 nn
601 318 728 359 carrena

187 447 238 508 tim
257 455 324 508 eunt
343 447 471 514 munima,
487 455 520 506 ut
539 466 648 514 eurum,
663 455 821 525 argentum,
837 453 870 504 ut
883 465 927 515 ea,
940 465 1006 524 quae
1020 449 1152 526 gignun-

186 543 235 596 tur
255 555 272 597 e
290 545 373 602 terre,
387 544 420 594 ut
441 537 496 594 alie
517 537 628 614 generis
641 536 785 612 ejusdem:
808 537 912 612 partim
926 537 1062 604 animalia,
1077 557 1150 614 qnae

185 627 292 686 habent
305 645 372 684 suos
384 626 507 704 impetus
520 633 550 684 et
562 645 655 684 rerum
668 626 820 702 appetitus.
861 626 968 682 Eorum
980 633 1076 683 cutem
1091 627 1152 684 alia

107 770 113 784 ,
154 715 299 776 cauom
320 716 447 792 expertia
469 722 543 782 sunt,
558 715 613 772 alia
630 716 737 772 atione
750 715 864 772 utentia.
906 715 1045 792 Expertes
1059 717 1148 774 ratio·

186 805 237 874 nis,
251 805 325 882 equi,
340 805 434 871 boves,
449 805 564 880 reliquae
589 803 721 882 pecudes,
742 822 820 880 apes,
836 822 956 880 querum
977 823 1062 882 opere
1085 806 1148 864 effi·

135 899 173 954 10
187 894 260 952 citur
273 893 377 970 aliquid
391 893 427 952 ud
442 913 525 952 usum
539 893 683 950 hominum
697 900 781 969 atque
792 893 887 950 vitam.
915 893 1034 950 Ratione
1048 902 1147 952 autem

186 983 326 1042 utentium
339 982 397 1039 duo
417 1001 521 1060 genera
539 989 657 1060 ponunt,
672 982 791 1040 deorum
810 1001 906 1048 unum,
921 983 1041 1040 alterum
1055 984 1145 1040 homi—

186 1091 262 1130 num.
303 1073 381 1130 Deos
402 1072 529 1150 placatos
552 1071 643 1149 pietas
664 1071 766 1129 efficiet
787 1078 817 1128 et
838 1071 988 1128 sanctitas:
1017 1073 1145 1148 proxime

135 1167 170 1221 11
186 1169 281 1220 eutem
301 1170 331 1220 et
350 1161 506 1220 secundum
527 1161 595 1220 deos
615 1161 789 1218 homines
810 1160 1031 1219 hominibus
1050 1179 1145 1218 mex-

185 1251 256 1312 ime
276 1251 399 1312 utiles
419 1269 481 1308 csse
501 1257 629 1328 possunt.
674 1250 836 1327 Earumque
862 1249 931 1308 item
953 1269 1144 1326 rerumquae

184 1349 304 1400 noceant
317 1349 347 1400 et
360 1340 462 1408 obsint,
477 1341 578 1398 eadem
596 1339 696 1397 divisio
716 1347 768 1397 est.
809 1338 868 1396 Sed
881 1339 947 1414 quie
960 1339 1030 1396 deos
1043 1357 1146 1398 nocere

184 1449 243 1490 nou
255 1437 365 1508 putant,
376 1430 420 1488 his
431 1430 565 1506 exceptis,
575 1429 703 1486 homines
712 1429 871 1487 hominibus
882 1429 981 1486 obesse
992 1427 1147 1504 plmimum

184 1520 364 1578 arbitrantur.

134 1613 170 1667 12
224 1608 266 1664 Ea
287 1607 361 1664 enim
382 1607 452 1683 ipsa,
467 1626 533 1681 quae
555 1606 677 1664 inanime
698 1605 828 1672 diximus,
850 1607 984 1683 pleraque
1006 1613 1071 1664 sunt
1092 1607 1145 1664 ho·

185 1696 292 1754 minum
305 1696 398 1771 operis
411 1696 519 1760 effecte,
534 1714 599 1770 quae
615 1714 667 1752 nec
680 1696 857 1762 haberemus
872 1696 924 1752 nisi
941 1715 1041 1752 munus
1055 1703 1084 1753 et
1097 1715 1146 1754 ars

185 1785 365 1842 accessisset:
387 1803 438 1842 neo
452 1784 495 1840 his
509 1783 567 1840 sine
581 1784 726 1842 hominum
740 1785 977 1842 administratione
991 1793 1144 1843 uteremur.

134 1880 170 1932 13
185 1873 286 1949 Neque
300 1873 373 1930 enim
387 1872 555 1930 valetudinis
575 1873 691 1940 curatio,
705 1893 796 1950 neque
815 1874 964 1951 navigatio,
979 1893 1070 1950 neque
1083 1875 1146 1952 agri

185 1963 304 2030 cultura,
327 1981 420 2039 neque
440 1963 556 2040 frugum
580 1963 781 2038 fructuumque
805 1964 975 2040 reliquorum
1000 1964 1145 2040 perceptio

134 2057 171 2110 14
186 2058 222 2109 et
235 2052 409 2108 conservatio
421 2052 481 2109 sine
494 2052 640 2110 hominum
655 2071 741 2129 opera
755 2052 813 2110 ulla
826 2071 888 2110 esse
904 2052 1048 2130 potuisset.
1077 2052 1144 2110 Jem

184 2160 252 2200 vcro
272 2148 302 2199 et
320 2161 418 2199 earum
437 2161 540 2208 rerum,
561 2143 664 2218 quibus
684 2142 903 2208 abundarem,
925 2141 1090 2218 exportatis,
1114 2149 1144 2198 et

185 2250 291 2298 earum,
306 2231 409 2309 quibus
429 2250 586 2308 egeremus,
601 2231 730 2297 invectio
745 2239 821 2288 certe
839 2231 918 2290 nulla
936 2239 1020 2297 esset,
1035 2231 1087 2288 nisi
1100 2231 1143 2288 his

134 2325 170 2379 1⁵
185 2321 347 2379 muneribus
360 2321 487 2378 homines
497 2321 690 2398 fungerentur.
718 2321 883 2397 Eademque
893 2321 1001 2377 ratione
1011 2339 1062 2377 nec
1073 2320 1142 2396 lepi-

185 2409 236 2468 des
256 2429 272 2468 e
292 2418 367 2468 terra
387 2409 582 2467 exciderentur
601 2409 638 2468 ad
662 2429 746 2467 usum
768 2417 897 2467 nostrum
921 2409 1076 2474 necessarii,
1097 2429 1144 2466 uec

176 2501 299 2574 ferrum,
322 2519 366 2566 ore,
388 2518 500 2565 aurum,
521 2508 666 2571 arpentum
686 2499 857 2556 effoderetur
874 2501 989 2573 penitus
1007 2499 1141 2565 abditum,

185 2588 244 2645 sine
265 2589 410 2646 hominum
431 2588 527 2644 labore
547 2594 577 2644 et
597 2607 690 2644 manu.
733 2588 785 2645 IV.
807 2589 894 2645 Tecta
907 2607 982 2654 vero,
997 2587 1099 2664 quibus
1112 2595 1143 2644 et

186 2677 323 2752 frigorum
335 2677 375 2732 vis
386 2677 545 2753 pelleretur,
557 2683 586 2732 et
597 2677 721 2733 calorum
735 2676 872 2734 molestiae
885 2678 1057 2743 sedarentur,
1067 2676 1142 2734 uude

184 2772 234 2821 eut
254 2765 330 2822 initio
348 2765 443 2841 generi
463 2765 587 2822 humano
606 2765 665 2822 dari
684 2766 850 2842 potuissent,
865 2775 915 2824 aut
929 2773 1028 2843 postea
1041 2767 1142 2822 subve-

184 2853 244 2920 niri,
259 2853 283 2910 si
296 2860 346 2910 aut
359 2853 387 2909 vi
403 2854 579 2930 tempestatis
593 2861 642 2912 eut
662 2861 745 2912 terrae
759 2863 840 2912 motu
853 2863 903 2912 eut
916 2862 1057 2913 vetustate
1072 2854 1141 2912 ceei-

185 2941 299 3009 dissent,
313 2942 364 2999 nisi
379 2942 533 3000 communis
548 2943 604 3000 rita
618 2945 654 3002 ab
668 2945 827 3002 hominibus
840 2945 942 3002 harum
956 2963 1049 3002 rerum
1064 2943 1141 3000 auxi·

150 3039 168 3092 2
184 3031 222 3089 lie
231 3040 327 3108 petere
338 3032 502 3092 didicisset?
523 3033 609 3091 Adde
620 3033 723 3091 ductus
735 3052 880 3111 equarum,
893 3014 1079 3090 dirivationes
1090 3026 1141 3089 flu-

183 3119 298 3189 minum,
308 3140 440 3198 agrorum
448 3123 630 3201 irrigationes,
640 3124 727 3181 moles
736 3123 882 3201 oppositas
890 3123 1032 3190 fluctibus,
1043 3130 1142 3200 portus

183 3227 270 3266 manu
289 3211 387 3277 factos,
402 3231 467 3287 quae
486 3212 562 3269 unde
581 3213 639 3270 sine
658 3213 802 3270 hominum
823 3231 908 3288 opere
927 3213 1031 3271 habere
1046 3229 1141 3288 posse·

152 3305 169 3357 8
184 3299 269 3356 musi
303 3299 347 3356 Ex
360 3299 462 3375 quibus
475 3301 627 3376 multisque
640 3301 699 3357 aliis
714 3302 892 3378 perspicuum
908 3309 959 3368 est,
972 3301 1020 3379 qui
1033 3302 1142 3358 fructus

185 3407 304 3466 qumque
318 3389 452 3446 utilitates
466 3408 501 3446 cx
514 3391 599 3447 rebus
613 3389 654 3456 iis,
669 3409 733 3465 quee
748 3398 814 3447 sunt
832 3391 972 3458 inanimae,
988 3390 1141 3466 percipiun-

170 3483 226 3545 tur,
247 3496 295 3535 eas
319 3497 369 3534 nos
393 3478 471 3534 nullo
494 3477 579 3534 modo
602 3477 661 3536 aine
682 3478 825 3536 hominum
845 3499 931 3537 manu
950 3486 1036 3555 etque
1056 3497 1143 3557 opera

152 3570 285 3646 tcapere
308 3567 440 3645 potuisse.
479 3566 537 3636 ‘Qui
558 3566 678 3643 denique
699 3587 734 3625 ex
754 3568 849 3626 bestiis
869 3569 987 3636 fructus,
1007 3575 1057 3626 aut
1075 3587 1140 3644 quae

152 3663 170 3714 t
185 3657 379 3725 commoditas,
392 3655 444 3714 nisi
462 3655 587 3714 homines
601 3656 776 3733 adjuvarent,
791 3658 897 3735 percipi
911 3658 1029 3738 posset?
1065 3657 1141 3717 Nem
