2648 4288
141 286 179 340 86
556 295 593 334 nu
615 294 741 334 ormana

159 435 176 486 2
191 426 436 505 perturbationum
450 424 543 491 animi,
558 433 588 481 et
602 443 697 482 rerum
717 423 820 482 modus
841 425 973 482 cernitur.
1014 424 1080 482 Hoc
1094 424 1168 482 loco

190 517 355 574 continetur
369 516 406 582 id,
421 514 499 591 quod
514 515 569 572 dici
590 514 689 572 Latine
710 514 895 572 decorum
916 521 1030 592 potest:
1054 515 1166 572 Graece

190 607 265 664 enim
287 609 382 686 uge'uor
406 605 516 662 dicitur.
559 605 654 682 Hujus
669 603 711 662 vis
731 623 765 660 ea
785 612 836 671 est,
852 612 886 662 ut
906 606 942 662 ab
961 605 1081 662 honesto
1101 622 1164 660 non

190 705 277 772 queat
291 694 423 772 separari.
459 693 534 752 Nam
550 701 578 751 et
592 694 670 770 quod
684 694 776 761 decet,
791 694 942 752 honestum
958 701 1018 761 est;
1037 701 1066 751 et
1079 693 1163 769 quod

158 787 341 844 thenestum
363 793 414 851 est,
436 783 527 841 decet.
570 783 673 854 Qualis,
690 790 786 842 autem
808 783 965 841 differentia
986 783 1022 841 sit
1042 774 1164 840 honesti

190 883 219 932 et
233 875 336 941 decori,
351 874 459 931 facilius
473 872 598 950 intelligi,
614 891 699 950 quam
714 873 858 950 explanari
871 881 974 950 potest.
1016 873 1163 950 Quicquid

190 973 234 1021 est
255 965 337 1032 enim,
355 963 433 1040 quod
454 963 564 1030 deceat,
578 963 608 1019 id
624 970 684 1020 tum
705 970 833 1040 apparet,
850 983 915 1021 cum
936 971 1100 1041 antegressa
1113 969 1163 1020 est

157 1059 175 1112 4
190 1056 331 1110 honestae.
374 1055 476 1129 ltaque
491 1071 546 1108 non
561 1051 653 1109 solum
667 1053 695 1108 iu
710 1052 762 1108 hac
778 1061 859 1129 parte
875 1053 1039 1118 honestatis,
1051 1051 1086 1110 de
1101 1071 1162 1128 qua

190 1145 243 1202 hoe
264 1144 327 1200 loeo
348 1142 543 1200 disserendum
565 1149 617 1208 est,
633 1141 685 1198 sed
705 1141 790 1198 etiam
804 1141 833 1198 iu
846 1142 938 1200 tribus
957 1142 1161 1220 superioribus,

158 1234 258 1310 aquid
279 1235 389 1300 deceat,
411 1241 540 1310 apparet.
583 1233 660 1288 Nam
681 1240 710 1288 et
731 1231 838 1289 ratione
859 1233 901 1290 uti
923 1239 1010 1309 atque
1032 1232 1161 1290 oratione

190 1324 353 1402 prudenter,
369 1331 505 1400 etagota,
521 1321 599 1399 quod
622 1341 701 1399 agas,
717 1321 902 1389 considerate,
917 1323 1048 1398 omnique
1068 1321 1097 1378 in
1117 1340 1161 1390 re,

190 1415 257 1490 quid
276 1414 312 1470 sit
327 1413 393 1479 veri,
409 1413 505 1468 videre
526 1420 555 1469 et
576 1412 649 1468 tueri
669 1411 769 1469 decet:
792 1419 947 1488 contraque
965 1412 1033 1478 falli,
1055 1429 1161 1479 errare,

190 1502 255 1569 labi,
266 1502 359 1578 decipi
371 1511 430 1558 tam
445 1501 575 1566 dedecet,
586 1519 671 1577 quam
682 1501 801 1558 delirare
812 1508 841 1558 et
852 1503 946 1558 mente
957 1520 1019 1558 esse
1031 1508 1160 1579 captum.

115 1629 117 1636 =
159 1591 228 1648 6Et
249 1592 328 1668 justa
348 1589 441 1645 omnia
464 1589 567 1646 decora
585 1597 670 1656 aunt,
692 1591 797 1667 injusta
817 1599 923 1657 contra,
946 1599 979 1648 ut
999 1591 1102 1668 turpia,
1119 1591 1161 1648 sic

191 1679 330 1736 indecora.
372 1677 475 1735 Similis
490 1685 533 1733 est
547 1679 617 1736 ratio
636 1679 816 1737 fortitudinia.
859 1680 943 1748 Quod
957 1681 1031 1738 enim
1046 1680 1162 1738 viriliter

191 1769 340 1844 animoque
361 1785 465 1844 magno
486 1767 525 1834 lit,
547 1766 576 1824 id
598 1767 716 1846 dignum
737 1769 796 1826 viro
819 1778 848 1827 et
871 1770 1006 1827 decorum
1028 1770 1159 1828 videtur:

159 1858 268 1935 'lquod
291 1865 397 1923 contra,
420 1857 449 1913 id
472 1863 504 1913 ut
525 1867 618 1934 turpe,
642 1857 680 1914 sic
704 1858 876 1916 indecorum.
919 1860 1013 1928 Quare
1036 1860 1160 1938 pertinet

191 1947 307 2024 quidem
320 1947 356 2002 ad
372 1966 483 2004 omnem
499 1947 676 2004 honestatem
696 1947 759 2015 hoc,
776 1949 853 2024 quod
868 1949 939 2016 dieo,
955 1949 1107 2008 decorum:
1130 1958 1160 2008 et

191 2037 374 2114 itapartinet,
389 2044 492 2095 utnon
512 2037 659 2095 recondita
680 2038 804 2113 quadam
825 2039 932 2096 ratione
953 2047 1091 2106 cernatur,
1107 2039 1158 2098 sed

160 2127 276 2186 esitio
298 2137 441 2206 promptu.
484 2127 536 2184 Est
560 2127 634 2184 enim
658 2126 803 2203 quiddam,
828 2127 916 2204 idque
940 2129 1104 2208 intelligitur
1130 2129 1160 2187 in

192 2219 267 2275 omni
280 2219 392 2284 virtute,
408 2218 485 2294 quod
500 2219 618 2275 deceat:
642 2217 718 2294 quod
733 2217 904 2294 cogitatione
918 2219 1008 2298 magis
1022 2239 1040 2275 a
1054 2219 1159 2278 virtute

160 2313 177 2365 9
193 2316 288 2384 potest
301 2327 388 2385 quam
401 2327 432 2364 re
446 2307 578 2384 separari.
621 2307 662 2364 Ut
677 2313 809 2364 venustas
821 2315 850 2364 et
864 2308 1047 2384 pulchritudo
1058 2329 1158 2386 corpo-

192 2399 229 2454 ris
244 2398 350 2455 secerni
360 2417 416 2454 non
431 2406 557 2474 potesta
572 2396 747 2455 valetudine:
764 2395 801 2452 sic
815 2397 878 2462 hoc,
891 2398 928 2454 de
938 2417 995 2474 quo
1005 2399 1157 2474 loquimur,

193 2487 335 2554 decorum,
352 2496 444 2546 totum
464 2487 535 2544 illud
550 2487 664 2562 quidem
678 2495 722 2543 est
736 2505 802 2544 oum
816 2486 919 2544 virtute
934 2489 1091 2555 confusum,
1106 2489 1157 2547 sed

192 2585 287 2636 mente
301 2586 329 2635 et
344 2577 513 2655 cogitatione
529 2575 719 2653 distinguitur.

142 2763 179 2816 10
233 2756 286 2812 Est
312 2763 408 2810 autem
435 2753 495 2810 eius
522 2753 674 2831 descriptio
701 2754 816 2832 duplex.
866 2756 943 2814 Nam
969 2764 998 2814 et
1024 2757 1156 2836 generale

193 2843 338 2922 quoddam
353 2843 486 2900 decorum
500 2842 688 2920 intelligimus,
704 2846 782 2922 quod
796 2847 824 2904 iu
838 2847 912 2904 omni
934 2849 1080 2904 honestate
1095 2867 1155 2906 ver-

193 2941 288 2994 eatur:
310 2943 339 2992 et
359 2933 436 2992 aliud
458 2933 523 2992 huic
544 2934 714 3010 subjectum,
730 2937 807 3012 quod
829 2936 951 3014 pertinet
971 2937 1008 2994 ad
1028 2937 1155 3014 singulas

143 3030 177 3083 11
194 3035 289 3102 partes
300 3025 463 3084 honestatis.
495 3024 595 3100 Atque
608 3023 679 3082 illud
693 3026 937 3102 superiussiefere
952 3026 1059 3084 deliniri
1069 3027 1153 3084 solet:

194 3114 329 3172 decorum
349 3115 379 3173 id
399 3134 468 3182 esse,
484 3113 560 3192 quod
582 3122 801 3173 consentaneum
821 3115 858 3173 sit
878 3116 998 3173 hominis
1019 3117 1153 3174 excelleu-

194 3204 257 3271 tiae,
271 3205 300 3286 in
320 3223 363 3272 eo,
377 3205 406 3262 in
427 3223 483 3281 quo
503 3213 605 3261 natura
625 3205 687 3282 ejus
701 3224 719 3262 a
735 3205 846 3282 reliquis
867 3205 1055 3263 animantibus
1078 3206 1153 3263 diffe-

144 3301 180 3353 12
194 3301 246 3351 rat.
283 3294 355 3362 Quae
370 3301 467 3351 autem
481 3312 547 3370 pars
562 3294 692 3371 subjecta
705 3295 802 3372 generi
816 3302 868 3363 est,
880 3314 943 3354 eam
957 3295 996 3354 sic
1011 3295 1153 3363 definiunt,

193 3392 227 3442 ut
246 3384 276 3441 id
297 3384 433 3441 decorum
454 3384 540 3441 velint
561 3402 631 3452 esse,
646 3384 724 3460 quod
745 3385 784 3440 ita
806 3392 915 3442 naturae
937 3392 1155 3442 consentaneum

195 3474 239 3542 sit,
255 3474 329 3532 utin
342 3492 377 3532 eo
391 3473 546 3532 moderatio
566 3480 595 3530 et
614 3474 801 3550 temperantia
821 3481 958 3552 appareat
978 3493 1044 3532 cum
1064 3474 1155 3552 specie

194 3565 319 3641 quadam
339 3562 454 3621 liberali.
496 3563 636 3620 XXVIII.
660 3564 733 3622 Haec
754 3563 793 3621 ita
812 3564 930 3642 intelligi
943 3583 1096 3642 possumus
1110 3583 1155 3620 ex·

194 3652 319 3712 iutimare
333 3673 368 3714 ex
382 3673 417 3712 eo
430 3652 544 3721 decoro,
559 3652 636 3729 quod
657 3661 751 3730 poeta
773 3662 947 3734 sequuntur:
969 3654 1006 3712 de
1026 3672 1084 3731 quo
1103 3653 1156 3712 alio
