2648 4288
201 367 241 422 48
614 377 652 416 nn
673 375 801 416 currens

253 515 371 567 tendum
382 515 442 575 est;
462 527 561 565 verum
575 507 696 564 alterum
709 505 873 564 exercitatio
882 503 1008 583 augebit,
1020 504 1150 562 alterum
1167 505 1242 564 imi·

221 599 323 658 litatio
338 617 434 676 presse
448 597 623 674 loquentium
638 604 667 654 et
680 596 787 653 leniter.
829 595 908 652 Nihil
928 595 983 652 fuit
1002 595 1030 652 in
1050 595 1182 663 Catulis,
1200 605 1241 654 ut

253 705 302 744 eos
317 687 455 764 exquisito
466 687 573 764 judicio
588 695 704 764 putares
719 687 760 743 uti
774 685 938 752 litterarum,
950 703 1124 761 quamquam
1139 695 1238 743 erant

253 776 377 844 litterati,
392 777 443 834 aed
463 785 493 834 et
513 776 575 833 alii:
597 777 626 832 hi
646 783 743 832 autem
757 775 864 852 optime
878 775 919 831 uti
939 774 1035 852 lingua
1049 775 1155 832 Latina
1174 796 1235 852 pu-

221 872 239 924 6
253 868 396 925 tabantur.
431 867 525 924 Sonus
538 873 600 924 erat
614 865 723 932 dulcis;
744 865 846 922 litterae
859 883 950 940 neque
961 883 1114 941 expressae,
1126 883 1234 942 neque

253 975 406 1034 oppressae,
422 975 457 1014 ne
478 961 528 1013 aut
547 957 700 1013 obscurum
719 962 803 1021 esset,
818 961 869 1011 aut
888 954 1028 1030 putidum.
1070 955 1138 1012 Sine
1155 976 1231 1013 con-

222 1044 377 1104 itentione
398 1065 456 1104 vox
475 1065 527 1103 nec
552 1046 699 1123 languens,
721 1063 773 1101 nec
794 1061 905 1102 canora.
946 1043 1067 1101 Uberior
1080 1045 1177 1102 oratio
1194 1047 1229 1103 L.

254 1135 357 1203 Crassi,
382 1155 434 1193 nec
456 1136 549 1192 minus
570 1136 682 1192 faceta:
713 1134 763 1192 sed
787 1135 859 1191 bene
884 1133 1019 1210 loquendi
1042 1134 1079 1190 de
1105 1134 1229 1192 Catulis
1319 1093 1321 1196 l

222 1226 347 1304 Bopinio
361 1245 417 1284 non
430 1226 529 1284 minor.
571 1225 638 1282 Sale
652 1243 719 1282 vero
733 1231 763 1281 et
776 1224 884 1281 facetiis
898 1224 1003 1290 Oaesar,
1019 1223 1115 1281 Catuli
1130 1226 1228 1300 patris
1320 1225 1321 1256 ³

253 1316 349 1384 frater,
371 1317 438 1375 vicit
462 1335 569 1382 omnes,
590 1323 623 1373 ut
646 1315 675 1372 in
698 1315 746 1372 illo
768 1313 830 1391 ipso
853 1313 958 1371 forensi
978 1331 1083 1392 genere
1105 1313 1228 1372 dicendi

221 1407 445 1466 9contentiones
470 1407 588 1464 aliorum
609 1423 738 1462 sermone
752 1404 883 1461 vinceret.
863 1404 960 1460 ιΙιι
980 1403 1109 1460 omnibus
1131 1403 1227 1482 igitur

253 1497 297 1554 his
311 1495 572 1580 elaborandumt
529 1505 580 1563 est,
596 1496 619 1553 si
638 1495 667 1552 in
685 1495 762 1552 omni
775 1513 815 1561 re,
829 1494 898 1571 quid
912 1493 1020 1560 deceat,
1035 1493 1224 1570 exquirimus.

161 1559 298 1644 ·1oc
254 1586 298 1643 Sit
311 1576 380 1663 ergo
394 1587 439 1643 hic
453 1605 554 1651 sermo,
570 1585 597 1641 in
612 1604 670 1662 quo
684 1584 820 1642 Socratici
839 1584 961 1641 maxime
981 1583 1132 1650 excellunt,
1148 1583 1224 1642 lenis

159 1644 166 1775 q
253 1675 425 1777 minimeque
437 1675 582 1751 pertinax·
604 1675 711 1732 insitin
725 1691 759 1732 eo
772 1674 860 1751 lepos.
902 1673 964 1731 Nec
979 1691 1054 1739 vero,
1070 1679 1224 1750 tamquam

162 1784 165 1805 ¹
202 1764 261 1822 11
254 1783 282 1822 ιιι
303 1763 510 1840 possessionem
529 1783 610 1821 suam
625 1764 740 1830 venerit,
756 1762 889 1821 excludat
902 1763 988 1820 alios:
1010 1761 1060 1820 sed
1076 1782 1141 1820 cum
1156 1765 1223 1822 reli-

254 1854 317 1930 quis
330 1853 359 1910 in
372 1855 466 1921 rebus,
481 1861 544 1912 tum
564 1854 592 1910 in
607 1873 741 1912 sermone
762 1853 911 1920 communi,
927 1852 1147 1911 vicissitudinem
1161 1873 1223 1912 non

203 1948 239 2000 12
254 1943 379 2020 iniquam
393 1951 484 2022 putet.
518 1944 564 2001 Ac
579 1943 675 2002 videat
689 1944 717 2001 in
731 1943 838 2022 primis,
853 1943 956 2020 quibus
970 1943 1006 2000 de
1020 1943 1106 2000 rebus
1119 1943 1220 2021 loqua-

204 2038 239 2091 la
255 2039 320 2090 tur:
342 2033 366 2090 si
380 2034 467 2102 seriis,
482 2033 662 2092 severitatem
676 2034 829 2100 adhibeat;
851 2033 874 2090 si
884 2033 998 2110 jocosis
1013 2032 1147 2110 leporem.
1182 2035 1220 2091 In

257 2123 410 2202 primisque
431 2124 588 2202 provideat,
603 2142 639 2181 ne
653 2141 746 2181 sermo
760 2121 859 2180 vitium
872 2123 987 2199 aliquod
1007 2123 1111 2182 iudicet
1127 2123 1218 2181 inesse

255 2217 283 2274 in
303 2215 445 2273 moribus:
466 2214 544 2291 quod
565 2215 687 2271 maxime
707 2219 770 2270 tum
788 2213 861 2270 solet
875 2213 995 2280 evenire,
1010 2232 1077 2270 cum
1091 2212 1217 2272 studiose

255 2305 292 2364 de
301 2303 466 2364 absentibus
475 2302 644 2361 detrahendi
654 2321 748 2369 causa,
760 2307 810 2359 aut
820 2321 872 2379 per
880 2301 1038 2370 ridiculum,
1051 2309 1101 2360 aut
1111 2322 1215 2371 severe,

204 2401 241 2456 14
255 2395 392 2453 maledice
407 2393 665 2470 contumelioseque
676 2392 787 2451 dicitur.
822 2393 976 2450 Habentur
984 2399 1080 2450 autem
1094 2393 1214 2470 plerum-

255 2504 311 2562 que
332 2503 476 2542 sermones
494 2490 546 2541 aut
558 2483 595 2541 de
609 2482 771 2541 domesticis
791 2481 919 2560 negotiis,
934 2489 985 2539 aut
998 2482 1035 2540 de
1048 2501 1079 2540 re
1093 2483 1212 2560 publica,

204 2581 241 2635 15
255 2582 306 2632 aut
327 2573 363 2632 de
383 2574 487 2631 artium
507 2572 607 2630 studiis
627 2579 713 2648 atque
732 2571 869 2630 doctrina.
912 2571 1014 2630 Danda
1028 2573 1117 2651 igitur
1130 2591 1215 2651 opera

255 2673 308 2729 est,
323 2669 356 2720 ιιι
369 2663 454 2720 etiam
470 2661 494 2718 si
507 2662 639 2719 aberrare
653 2660 691 2717 ad
711 2661 766 2718 alia
782 2661 909 2738 coeperit
927 2661 964 2719 ad
986 2661 1048 2720 haec
1070 2670 1214 2722 revocetur

256 2752 362 2818 oratio;
383 2751 434 2808 sed
448 2757 592 2827 utcunque
606 2749 744 2808 aderunt:
765 2769 857 2828 neque
871 2751 945 2809 enim
957 2750 1058 2808 iisdem
1072 2751 1108 2810 de
1122 2754 1212 2822 rebus,

204 2848 241 2900 16
255 2859 307 2898 nec
322 2840 397 2898 omui
410 2847 547 2916 tempore,
558 2857 610 2897 nec
625 2839 751 2897 similiter
764 2839 947 2899 delectamur.
982 2841 1212 2900 Animadverten-

256 2929 325 2989 dum
340 2936 384 2987 est
398 2929 491 2996 etiam,
507 2935 647 3006 quatenus
661 2947 755 2987 sermo
769 2930 986 2988 delectationem
1003 2931 1118 3001 habeat,
1132 2940 1168 3001 et,
1180 2941 1213 2991 ut

255 3019 407 3100 incipiendi
420 3019 492 3078 ratio
506 3020 599 3088 fuerit,
614 3020 654 3078 ita
668 3019 705 3078 sit
718 3019 864 3079 desinendi
878 3020 989 3079 modus.
1091 3080 1095 3086 ,

293 3199 460 3258 XXXVIII.
477 3199 535 3257 Sed
544 3199 687 3278 quomodo
694 3200 723 3258 in
732 3199 807 3258 omni
813 3201 871 3257 vita
878 3199 1210 3280 rectissimepraecipitur‚

256 3298 290 3347 ιιι
303 3289 528 3367 perturbationes
547 3290 699 3368 fugiamus,
713 3290 743 3347 id
763 3297 815 3357 est,
830 3296 924 3348 motus
944 3290 1028 3347 animi
1051 3290 1157 3358 nimios,
1170 3311 1210 3349 ra·

257 3378 326 3437 doni
338 3397 394 3436 uon
408 3379 654 3457 obtemperantes;
669 3378 708 3435 sic
722 3379 784 3456 ejus
798 3378 874 3436 modi
888 3377 1012 3437 motibus
1026 3399 1119 3438 sermo
1131 3381 1211 3440 debet

257 3486 366 3536 vacare,
381 3486 417 3525 ne
430 3473 480 3525 aut
493 3467 535 3524 ira
551 3467 661 3533 existat,
677 3474 727 3524 aut
748 3468 888 3546 cupiditas
908 3468 1010 3546 aliqua,
1025 3476 1075 3528 aut
1095 3470 1209 3550 pigritia,

225 3563 308 3616 2aut
326 3557 445 3637 ignavia,
460 3566 511 3614 aut
530 3557 586 3614 tale
606 3555 711 3633 aliquid
731 3565 876 3636 appareat.
917 3557 1095 3637 Maximeque
1118 3579 1208 3642 curap-

257 3649 327 3706 dum
340 3654 392 3715 est,
406 3654 440 3704 ut
453 3665 510 3714 eos,
525 3645 693 3724 quibuscum
713 3665 871 3705 sermonem
885 3647 1071 3716 conferemus,
1086 3657 1116 3707 et
1128 3649 1207 3708 vereri

187 3738 190 3752 ‘
226 3743 287 3794 tet
300 3735 417 3815 diligere
430 3735 584 3795 videamur.
626 3735 845 3814 objurgationes
860 3735 946 3794 etiam
962 3753 1158 3816 nonnunquam
1170 3739 1205 3798 iu·
