2648 4288
146 279 184 336 00
560 293 598 332 nn
620 291 747 334 osricus

147 426 184 479 lo
199 421 271 491 Quae
281 421 305 480 si
316 420 422 498 populo
432 421 561 480 Romano
574 421 678 500 injuste
692 421 842 500 imperanti
855 421 983 482 accidere
998 428 1166 501 potuerunt,

198 511 266 588 quid
281 511 387 569 debent
401 519 504 588 putare
518 513 644 591 singuli?

148 600 182 659 ll
238 599 322 668 Quod
346 619 412 666 oum
436 601 617 678 perspicuum
641 601 685 669 sit,
708 601 902 660 benivolentiae
929 601 986 658 vim
1014 620 1076 660 esse
1103 621 1166 660 ma·

197 707 293 767 gnam,
309 698 401 746 metus
415 690 602 748 imbecillam:
624 690 751 768 sequitur
765 697 797 748 ut
810 691 987 757 disseramus,
1003 691 1105 768 quibus
1119 711 1165 748 re·

198 780 252 838 bus
274 779 406 836 facillime
431 780 571 857 possimus
594 799 666 847 eam,
688 799 775 857 quam
798 780 937 848 volumus,
959 781 1077 857 adipisci
1097 801 1167 838 cum

197 869 304 926 honore
317 877 346 926 et
360 869 416 926 fide
431 869 584 927 caritatem.
613 869 671 926 Sed
685 888 720 926 ea
733 888 790 926 non
803 869 909 946 pariter
922 889 1019 928 omnes
1034 889 1165 948 egemus.

147 963 183 1016 18
198 957 273 1014 Nam
295 959 332 1016 ad
354 959 492 1036 cujusque
506 958 593 1016 vitam
613 959 770 1016 institutum
791 959 1063 1018 accommodandum
1078 967 1129 1026 est,
1146 978 1166 1016 a

147 1053 183 1106 19
197 1048 329 1106 multisne
342 1067 415 1124 opus
429 1047 473 1115 sit,
488 1067 525 1104 an
538 1049 605 1106 satis
619 1048 656 1107 sit
669 1067 687 1104 a
701 1049 798 1124 paucis
817 1048 903 1125 diligi.
946 1048 1064 1106 Certum
1077 1049 1166 1126 igitur

197 1139 251 1196 hoc
265 1139 310 1205 sit,
325 1138 410 1214 idque
424 1146 454 1194 ct
474 1137 596 1214 primum
617 1147 646 1196 et
665 1138 787 1195 maxime
809 1137 1007 1205 necessarium,
1021 1138 1164 1196 familiari-

198 1235 272 1286 tates
285 1229 390 1286 habere
404 1227 476 1286 fidas
496 1226 650 1284 amantium
663 1246 714 1284 nos
729 1227 883 1284 amicorum
898 1235 927 1284 et
941 1236 1039 1284 nostra
1059 1227 1163 1285 miran-

146 1323 184 1376 20
198 1319 276 1376 tium.
319 1318 392 1378 Haec
406 1318 480 1374 enim
494 1325 538 1374 est
558 1335 615 1374 una
635 1335 680 1374 res
701 1335 816 1393 prorsus
830 1323 932 1374 utnon
946 1317 1068 1374 multum
1083 1317 1164 1374 diffe-

197 1414 242 1464 rat
254 1408 328 1464 inter
340 1426 465 1464 summos
479 1415 509 1464 et
523 1407 679 1464 mediocres
690 1406 780 1472 viros;
795 1421 885 1482 ecque
899 1405 1026 1482 utrisque
1040 1413 1084 1464 est
1098 1425 1163 1482 pro-

146 1496 352 1572 a1pemodum
375 1496 574 1571 comparanda.
616 1495 731 1552 Honore
755 1502 785 1552 et
808 1494 898 1573 gloria
922 1503 952 1552 et
976 1495 1164 1554 benivolentia

197 1585 299 1643 civium
312 1585 431 1642 fortasse
445 1603 501 1642 non
514 1602 594 1660 seque
608 1603 705 1642 omnes
719 1593 812 1663 egent,
824 1583 874 1642 sed
889 1591 984 1642 tamen
998 1585 1021 1643 si
1036 1584 1081 1643 cui
1096 1586 1160 1643 heae

198 1681 362 1750 suppetunt,
378 1672 515 1750 adjuvant
529 1673 703 1750 aliquantum
724 1674 836 1732 turned
850 1682 953 1742 cetera,
968 1681 1030 1733 tum
1043 1673 1081 1732 ad
1094 1674 1162 1732 ami·

198 1763 276 1821 citius
290 1762 502 1840 comparandas.

238 1941 288 1999 IX.
311 1940 369 2000 Sed
391 1941 427 1998 dc
450 1941 571 2000 amicitia
590 1940 644 1998 alio
664 1941 736 2000 libro
750 1940 859 2000 dictum
873 1950 925 2011 est,
940 1942 988 2020 qui
1002 1942 1165 2000 inscribitur

198 2031 309 2089 Laelius
352 2031 435 2088 Nunc
458 2031 584 2098 dieamus
605 2030 641 2088 de
660 2032 798 2109 gloria,
814 2051 989 2108 quamquam
1003 2051 1036 2089 ea
1050 2050 1164 2109 quoque

198 2122 234 2180 de
248 2141 278 2178 re
290 2122 347 2178 duo
359 2129 425 2178 sunt
439 2122 527 2178 nostri
541 2122 619 2178 libri:
635 2121 685 2178 sed
700 2122 881 2199 attingamus,
891 2121 1119 2198 quandoquidem
1129 2139 1165 2178 es

166 2218 183 2270 2
197 2212 226 2270 in
236 2213 321 2268 rebus
331 2211 485 2289 majoribus
496 2210 721 2267 administrandis
732 2211 851 2287 adjuvat
862 2211 1022 2287 plurimum.
1046 2211 1164 2267 Summa

197 2302 283 2379 igitur
297 2309 326 2358 et
340 2302 467 2378 perfecta
486 2301 575 2378 gloria
590 2307 701 2357 constat
715 2301 854 2358 extribus
869 2301 928 2358 his:
950 2299 973 2356 si
987 2299 1078 2378 diligit
1091 2299 1163 2356 mul·

199 2391 300 2457 titudo,
316 2391 339 2446 si
359 2391 443 2448 fidem
464 2390 560 2458 habet,
575 2391 598 2446 si
619 2409 684 2446 cum
706 2390 888 2447 admiratione
910 2389 1034 2466 quadam
1054 2391 1163 2447 honore

166 2487 183 2538 3
199 2481 299 2559 dignos
314 2487 404 2556 putat.
446 2479 516 2536 Haec
531 2487 636 2545 autem,
652 2479 674 2535 si
688 2487 733 2536 est
746 2479 909 2556 simpliciter
929 2478 1107 2554 breviterque
1121 2479 1162 2536 di·

198 2569 327 2634 cendum,
350 2569 452 2644 quibus
474 2569 559 2624 rebus
582 2568 730 2644 pariuntur
751 2587 768 2624 a
791 2568 916 2646 singulis,
941 2568 1047 2626 eisdem
1067 2567 1163 2624 ferea

198 2657 384 2714 multitudine.
426 2656 485 2712 Sed
499 2664 543 2712 est
557 2657 626 2713 alius
645 2676 759 2734 quoque
779 2658 895 2733 quidam
909 2658 1002 2714 aditus
1017 2657 1054 2714 ad
1068 2656 1162 2717 multi·

198 2746 333 2812 tudinem,
348 2745 421 2801 utin
436 2745 630 2806 universorum
644 2746 750 2805 animos
771 2755 917 2824 tamquam
936 2747 1052 2804 influere
1074 2746 1162 2823 possi·

198 2855 269 2894 mus

166 2930 185 2984 4
238 2925 284 2982 Ac
306 2923 427 3001 primum
450 2923 486 2980 de
507 2923 559 2981 illis
580 2924 678 2991 tribus,
693 2944 759 3002 quae
779 2933 844 2982 ante
859 2925 923 2992 dixi,
939 2925 1162 2982 benivolen-

198 3014 262 3072 tiae
291 3022 435 3091 praecepte
460 3013 620 3072 videamus:
650 3034 714 3090 quae
743 3014 859 3091 quidem
888 3015 999 3091 capitur
1023 3013 1163 3072 beneficiis

198 3103 338 3160 maxime:
360 3104 486 3161 secundo
507 3114 602 3161 autem
625 3105 688 3162 loco
702 3104 829 3162 benefica
843 3103 987 3161 voluntate
1002 3104 1162 3162 benivolen-

167 3201 184 3252 5
199 3193 238 3250 tia
252 3200 389 3258 movetur,
401 3193 509 3250 etiamsi
523 3213 567 3250 res
581 3195 654 3250 forte
669 3213 724 3250 non
740 3193 875 3270 suppetit.
908 3193 1100 3251 Vehementer
1113 3211 1162 3250 au·

200 3291 258 3340 tem
273 3301 351 3338 amor
365 3282 553 3338 multitudinis
574 3290 768 3340 commovetur
781 3283 842 3359 ipsa
856 3283 932 3339 fama
946 3291 976 3339 et
990 3283 1118 3359 opinione
1132 3282 1162 3340 li-

199 3371 361 3436 beralitatis,
387 3371 587 3438 beneficentiae,
610 3372 735 3448 justitiae,
762 3372 835 3439 fidei,
861 3373 1042 3448 omniumque
1067 3391 1163 3430 aarum

200 3462 345 3541 virtutum,
361 3461 581 3537 quaepertinent
595 3461 631 3517 ad
645 3461 891 3519 mansuetudinem
909 3481 1022 3518 morum
1042 3481 1075 3519 ao
1097 3461 1163 3518 faci·
1186 3465 1190 3470 '

167 3551 315 3610 illitatem.
357 3550 469 3607 Etenim
492 3550 562 3608 illud
585 3550 686 3627 ipsum,
701 3550 778 3627 quod
799 3552 951 3608 honestum
972 3551 1164 3626 decorumque

200 3641 326 3709 dicimus,
342 3640 407 3717 quia
421 3659 472 3718 per
485 3659 516 3698 se
529 3640 610 3698 nobis
624 3640 727 3717 placet,
742 3639 905 3716 animosque
926 3639 1051 3698 omnium
1064 3646 1165 3697 natura
