<?xml version="1.0" encoding="UTF-8"?>
<!DOCTYPE html PUBLIC "-//W3C//DTD XHTML 1.0 Transitional//EN"
    "http://www.w3.org/TR/xhtml1/DTD/xhtml1-transitional.dtd">
<html xmlns="http://www.w3.org/1999/xhtml" xml:lang="en" lang="en">
 <head>
  <title>
</title>
<meta http-equiv="Content-Type" content="text/html;charset=utf-8" />
  <meta name='ocr-system' content='tesseract 3.04.00' />
  <meta name='ocr-capabilities' content='ocr_page ocr_carea ocr_par ocr_line ocrx_word'/>
</head>
<body>
  <div class='ocr_page' id='page_1' title='image "./mtulliiciceroni01thacgoog_0016.png"; bbox 0 0 2648 4288; ppageno 0'>
   <div class='ocr_carea' id='block_1_1' title="bbox 483 488 789 613">
    <p class='ocr_par' dir='ltr' id='par_1_1' title="bbox 483 488 789 613">
     <span class='ocr_line' id='line_1_1' title="bbox 483 488 789 613; baseline 0 -1"><span class='ocrx_word' id='word_1_1' title='bbox 483 488 789 613; x_wconf 73' lang='lat' dir='ltr'><strong>courrieres</strong></span> 
     </span>
    </p>
   </div>
   <div class='ocr_carea' id='block_1_2' title="bbox 201 733 1070 796">
    <p class='ocr_par' dir='ltr' id='par_1_2' title="bbox 201 733 1070 796">
     <span class='ocr_line' id='line_1_2' title="bbox 201 733 1070 796; baseline -0.002 0"><span class='ocrx_word' id='word_1_2' title='bbox 201 736 343 796; x_wconf 73' lang='lat' dir='ltr'><strong>norma</strong></span> <span class='ocrx_word' id='word_1_3' title='bbox 364 735 505 795; x_wconf 83' lang='lat' dir='ltr'><strong>OPERIS</strong></span> <span class='ocrx_word' id='word_1_4' title='bbox 526 737 795 796; x_wconf 79' lang='lat' dir='ltr'><strong>CICERONIANI</strong></span> <span class='ocrx_word' id='word_1_5' title='bbox 814 737 868 796; x_wconf 81' lang='lat' dir='ltr'><strong>DE</strong></span> <span class='ocrx_word' id='word_1_6' title='bbox 890 733 1070 796; x_wconf 71' lang='lat' dir='ltr'><strong>OFFIOIOE.</strong></span> 
     </span>
    </p>
   </div>
   <div class='ocr_carea' id='block_1_3' title="bbox 558 1149 711 1200">
    <p class='ocr_par' dir='ltr' id='par_1_3' title="bbox 558 1149 711 1200">
     <span class='ocr_line' id='line_1_3' title="bbox 558 1149 711 1200; baseline 0 0"><span class='ocrx_word' id='word_1_7' title='bbox 558 1149 667 1200; x_wconf 81' lang='lat' dir='ltr'><strong>LIBER</strong></span> <span class='ocrx_word' id='word_1_8' title='bbox 690 1150 711 1200; x_wconf 88' lang='lat'><strong>1.</strong></span> 
     </span>
    </p>
   </div>
   <div class='ocr_carea' id='block_1_4' title="bbox 128 1277 1142 2374">
    <p class='ocr_par' dir='ltr' id='par_1_4' title="bbox 128 1277 1141 1512">
     <span class='ocr_line' id='line_1_4' title="bbox 128 1277 1141 1356; baseline -0.004 -16"><span class='ocrx_word' id='word_1_9' title='bbox 128 1278 305 1340; x_wconf 80' lang='lat' dir='ltr'><strong>Prooemium</strong></span> <span class='ocrx_word' id='word_1_10' title='bbox 323 1277 361 1336; x_wconf 84' lang='lat' dir='ltr'><strong>ad</strong></span> <span class='ocrx_word' id='word_1_11' title='bbox 380 1277 468 1335; x_wconf 88' lang='lat' dir='ltr'><strong>filium</strong></span> <span class='ocrx_word' id='word_1_12' title='bbox 494 1277 531 1335; x_wconf 85' lang='lat' dir='ltr'><strong>de</strong></span> <span class='ocrx_word' id='word_1_13' title='bbox 551 1277 746 1356; x_wconf 85' lang='lat' dir='ltr'><strong>conjungenda</strong></span> <span class='ocrx_word' id='word_1_14' title='bbox 767 1279 879 1336; x_wconf 75' lang='lat' dir='ltr'><strong>Graecae&#39;</strong></span> <span class='ocrx_word' id='word_1_15' title='bbox 907 1277 1070 1356; x_wconf 76' lang='lat' dir='ltr'><strong>Latinaeque</strong></span> <span class='ocrx_word' id='word_1_16' title='bbox 1089 1277 1141 1336; x_wconf 90' lang='lat' dir='ltr'><strong>lin·</strong></span> 
     </span>
     <span class='ocr_line' id='line_1_5' title="bbox 345 1355 1141 1434; baseline 0.004 -22"><span class='ocrx_word' id='word_1_17' title='bbox 345 1374 411 1433; x_wconf 75' lang='lat' dir='ltr'><strong>guse</strong></span> <span class='ocrx_word' id='word_1_18' title='bbox 431 1357 575 1422; x_wconf 72' lang='lat' dir='ltr'><strong>facultate,</strong></span> <span class='ocrx_word' id='word_1_19' title='bbox 593 1356 774 1434; x_wconf 80' lang='lat' dir='ltr'><strong>legendisque</strong></span> <span class='ocrx_word' id='word_1_20' title='bbox 795 1376 828 1414; x_wconf 87' lang='lat' dir='ltr'><strong>ea</strong></span> <span class='ocrx_word' id='word_1_21' title='bbox 842 1355 878 1413; x_wconf 89' lang='lat' dir='ltr'><strong>de</strong></span> <span class='ocrx_word' id='word_1_22' title='bbox 893 1375 978 1414; x_wconf 82' lang='lat' dir='ltr'><strong>causa</strong></span> <span class='ocrx_word' id='word_1_23' title='bbox 992 1357 1049 1414; x_wconf 83' lang='lat' dir='ltr'><strong>suia</strong></span> <span class='ocrx_word' id='word_1_24' title='bbox 1062 1355 1141 1416; x_wconf 81' lang='lat' dir='ltr'><strong>libris</strong></span> 
     </span>
     <span class='ocr_line' id='line_1_6' title="bbox 348 1434 842 1512; baseline 0.006 -22"><span class='ocrx_word' id='word_1_25' title='bbox 348 1435 384 1490; x_wconf 90' lang='lat' dir='ltr'><strong>de</strong></span> <span class='ocrx_word' id='word_1_26' title='bbox 398 1434 577 1510; x_wconf 81' lang='lat' dir='ltr'><strong>philosophia</strong></span> <span class='ocrx_word' id='word_1_27' title='bbox 590 1434 716 1510; x_wconf 87' lang='lat' dir='ltr'><strong>scriptis:</strong></span> <span class='ocrx_word' id='word_1_28' title='bbox 738 1453 799 1512; x_wconf 83' lang='lat' dir='ltr'><strong>cap.</strong></span> <span class='ocrx_word' id='word_1_29' title='bbox 818 1442 842 1493; x_wconf 92' lang='lat'><strong>1.</strong></span> 
     </span>
    </p>

    <p class='ocr_par' dir='ltr' id='par_1_5' title="bbox 129 1511 1141 1668">
     <span class='ocr_line' id='line_1_7' title="bbox 129 1511 1141 1589; baseline 0.002 -19"><span class='ocrx_word' id='word_1_30' title='bbox 129 1512 291 1588; x_wconf 63' lang='lat' dir='ltr'><strong>Prqroritio</strong></span> <span class='ocrx_word' id='word_1_31' title='bbox 304 1511 350 1579; x_wconf 91' lang='lat' dir='ltr'><strong>rei,</strong></span> <span class='ocrx_word' id='word_1_32' title='bbox 366 1531 397 1569; x_wconf 87' lang='lat' dir='ltr'><strong>se</strong></span> <span class='ocrx_word' id='word_1_33' title='bbox 410 1511 447 1569; x_wconf 90' lang='lat' dir='ltr'><strong>de</strong></span> <span class='ocrx_word' id='word_1_34' title='bbox 462 1512 565 1569; x_wconf 89' lang='lat' dir='ltr'><strong>Officiis</strong></span> <span class='ocrx_word' id='word_1_35' title='bbox 585 1531 660 1570; x_wconf 93' lang='lat' dir='ltr'><strong>nuuc</strong></span> <span class='ocrx_word' id='word_1_36' title='bbox 681 1512 795 1588; x_wconf 87' lang='lat' dir='ltr'><strong>quidem</strong></span> <span class='ocrx_word' id='word_1_37' title='bbox 815 1511 994 1589; x_wconf 83' lang='lat' dir='ltr'><strong>scripturum,</strong></span> <span class='ocrx_word' id='word_1_38' title='bbox 1010 1518 1039 1570; x_wconf 90' lang='lat' dir='ltr'><strong>et</strong></span> <span class='ocrx_word' id='word_1_39' title='bbox 1058 1512 1087 1570; x_wconf 89' lang='lat' dir='ltr'><strong>in</strong></span> <span class='ocrx_word' id='word_1_40' title='bbox 1106 1531 1141 1572; x_wconf 82' lang='lat' dir='ltr'><strong>ec</strong></span> 
     </span>
     <span class='ocr_line' id='line_1_8' title="bbox 346 1587 1092 1668; baseline 0.004 -22"><span class='ocrx_word' id='word_1_41' title='bbox 346 1597 514 1668; x_wconf 83' lang='lat' dir='ltr'><strong>argumento</strong></span> <span class='ocrx_word' id='word_1_42' title='bbox 528 1591 638 1648; x_wconf 80' lang='lat' dir='ltr'><strong>Stoicos</strong></span> <span class='ocrx_word' id='word_1_43' title='bbox 652 1598 830 1648; x_wconf 87' lang='lat' dir='ltr'><strong>secuturum:</strong></span> <span class='ocrx_word' id='word_1_44' title='bbox 852 1609 914 1668; x_wconf 83' lang='lat' dir='ltr'><strong>cap.</strong></span> <span class='ocrx_word' id='word_1_45' title='bbox 931 1597 957 1658; x_wconf 81' lang='lat'><strong>2,</strong></span> <span class='ocrx_word' id='word_1_46' title='bbox 973 1587 990 1668; x_wconf 64' lang='grc' dir='ltr'><strong>ξ</strong></span> <span class='ocrx_word' id='word_1_47' title='bbox 1007 1597 1092 1649; x_wconf 92' lang='grc'><strong>1-10.</strong></span> 
     </span>
    </p>

    <p class='ocr_par' dir='ltr' id='par_1_6' title="bbox 129 1667 1142 1981">
     <span class='ocr_line' id='line_1_9' title="bbox 129 1667 1142 1746; baseline 0 -17"><span class='ocrx_word' id='word_1_48' title='bbox 129 1670 268 1746; x_wconf 81' lang='lat' dir='ltr'><strong>Definitio</strong></span> <span class='ocrx_word' id='word_1_49' title='bbox 282 1667 380 1735; x_wconf 88' lang='lat' dir='ltr'><strong>Officii,</strong></span> <span class='ocrx_word' id='word_1_50' title='bbox 392 1667 429 1726; x_wconf 88' lang='lat' dir='ltr'><strong>de</strong></span> <span class='ocrx_word' id='word_1_51' title='bbox 441 1687 499 1744; x_wconf 93' lang='lat' dir='ltr'><strong>quo</strong></span> <span class='ocrx_word' id='word_1_52' title='bbox 512 1669 555 1726; x_wconf 88' lang='lat' dir='ltr'><strong>his</strong></span> <span class='ocrx_word' id='word_1_53' title='bbox 569 1667 644 1727; x_wconf 87' lang='lat' dir='ltr'><strong>libris</strong></span> <span class='ocrx_word' id='word_1_54' title='bbox 655 1677 770 1726; x_wconf 86' lang='lat' dir='ltr'><strong>acturus</strong></span> <span class='ocrx_word' id='word_1_55' title='bbox 783 1669 835 1727; x_wconf 89' lang='lat' dir='ltr'><strong>sit:</strong></span> <span class='ocrx_word' id='word_1_56' title='bbox 857 1687 918 1726; x_wconf 86' lang='lat' dir='ltr'><strong>esse</strong></span> <span class='ocrx_word' id='word_1_57' title='bbox 932 1669 1005 1726; x_wconf 86' lang='lat' dir='ltr'><strong>enim</strong></span> <span class='ocrx_word' id='word_1_58' title='bbox 1015 1669 1053 1736; x_wconf 91' lang='lat' dir='ltr'><strong>id,</strong></span> <span class='ocrx_word' id='word_1_59' title='bbox 1064 1667 1142 1746; x_wconf 88' lang='lat' dir='ltr'><strong>quod</strong></span> 
     </span>
     <span class='ocr_line' id='line_1_10' title="bbox 346 1745 1141 1824; baseline 0.004 -21"><span class='ocrx_word' id='word_1_60' title='bbox 346 1745 462 1824; x_wconf 86' lang='lat' dir='ltr'><strong>singulis</strong></span> <span class='ocrx_word' id='word_1_61' title='bbox 482 1747 511 1803; x_wconf 90' lang='lat' dir='ltr'><strong>in</strong></span> <span class='ocrx_word' id='word_1_62' title='bbox 530 1748 615 1804; x_wconf 87' lang='lat' dir='ltr'><strong>rebus</strong></span> <span class='ocrx_word' id='word_1_63' title='bbox 635 1753 787 1824; x_wconf 76' lang='lat' dir='ltr'><strong>spectetur,</strong></span> <span class='ocrx_word' id='word_1_64' title='bbox 803 1755 832 1805; x_wconf 89' lang='lat' dir='ltr'><strong>et</strong></span> <span class='ocrx_word' id='word_1_65' title='bbox 852 1747 929 1824; x_wconf 92' lang='lat' dir='ltr'><strong>quod</strong></span> <span class='ocrx_word' id='word_1_66' title='bbox 948 1747 1069 1803; x_wconf 76' lang='lat' dir='ltr'><strong>medium</strong></span> <span class='ocrx_word' id='word_1_67' title='bbox 1083 1748 1141 1806; x_wconf 84' lang='lat' dir='ltr'><strong>sire</strong></span> 
     </span>
     <span class='ocr_line' id='line_1_11' title="bbox 346 1825 1141 1903; baseline 0.004 -22"><span class='ocrx_word' id='word_1_68' title='bbox 346 1843 486 1881; x_wconf 81' lang='lat' dir='ltr'><strong>commune</strong></span> <span class='ocrx_word' id='word_1_69' title='bbox 506 1825 624 1892; x_wconf 83' lang='lat' dir='ltr'><strong>dicatur,</strong></span> <span class='ocrx_word' id='word_1_70' title='bbox 639 1827 778 1883; x_wconf 79' lang='lat' dir='ltr'><strong>actionem</strong></span> <span class='ocrx_word' id='word_1_71' title='bbox 791 1827 874 1903; x_wconf 89' lang='lat' dir='ltr'><strong>cujus</strong></span> <span class='ocrx_word' id='word_1_72' title='bbox 888 1843 974 1883; x_wconf 89' lang='lat' dir='ltr'><strong>causa</strong></span> <span class='ocrx_word' id='word_1_73' title='bbox 987 1825 1141 1902; x_wconf 82' lang='lat' dir='ltr'><strong>probabilis</strong></span> 
     </span>
     <span class='ocr_line' id='line_1_12' title="bbox 345 1900 972 1981; baseline 0.002 -21"><span class='ocrx_word' id='word_1_74' title='bbox 345 1901 427 1960; x_wconf 86' lang='lat' dir='ltr'><strong>reddi</strong></span> <span class='ocrx_word' id='word_1_75' title='bbox 440 1903 544 1980; x_wconf 89' lang='lat' dir='ltr'><strong>possit:</strong></span> <span class='ocrx_word' id='word_1_76' title='bbox 567 1922 628 1981; x_wconf 89' lang='lat' dir='ltr'><strong>cap.</strong></span> <span class='ocrx_word' id='word_1_77' title='bbox 641 1910 668 1970; x_wconf 81' lang='lat'><strong>2,</strong></span> <span class='ocrx_word' id='word_1_78' title='bbox 684 1900 854 1981; x_wconf 69' lang='lat' dir='ltr'><strong>§ll-cap.</strong></span> <span class='ocrx_word' id='word_1_79' title='bbox 871 1911 898 1972; x_wconf 82' lang='lat'><strong>³,</strong></span> <span class='ocrx_word' id='word_1_80' title='bbox 912 1901 930 1980; x_wconf 63' lang='grc' dir='ltr'><strong>ἓ</strong></span> <span class='ocrx_word' id='word_1_81' title='bbox 946 1913 972 1961; x_wconf 89' lang='grc'><strong>5.</strong></span> 
     </span>
    </p>

    <p class='ocr_par' dir='ltr' id='par_1_7' title="bbox 129 1979 1141 2374">
     <span class='ocr_line' id='line_1_13' title="bbox 129 1979 1140 2060; baseline -0.003 -18"><span class='ocrx_word' id='word_1_82' title='bbox 129 1982 242 2042; x_wconf 68' lang='lat' dir='ltr'><strong>Divisio</strong></span> <span class='ocrx_word' id='word_1_83' title='bbox 261 1981 435 2040; x_wconf 74' lang='lat' dir='ltr'><strong>tractationis</strong></span> <span class='ocrx_word' id='word_1_84' title='bbox 449 1982 635 2060; x_wconf 82' lang='lat' dir='ltr'><strong>quincuplex:</strong></span> <span class='ocrx_word' id='word_1_85' title='bbox 656 2000 718 2038; x_wconf 88' lang='lat' dir='ltr'><strong>essa</strong></span> <span class='ocrx_word' id='word_1_86' title='bbox 732 1983 806 2040; x_wconf 89' lang='lat' dir='ltr'><strong>enim</strong></span> <span class='ocrx_word' id='word_1_87' title='bbox 828 1982 972 2060; x_wconf 81' lang='lat' dir='ltr'><strong>egendum</strong></span> <span class='ocrx_word' id='word_1_88' title='bbox 990 1981 1013 2039; x_wconf 93' lang='lat' dir='ltr'><strong>I.</strong></span> <span class='ocrx_word' id='word_1_89' title='bbox 1029 1980 1065 2039; x_wconf 90' lang='lat' dir='ltr'><strong>de</strong></span> <span class='ocrx_word' id='word_1_90' title='bbox 1080 1979 1140 2048; x_wconf 64' lang='lat' dir='ltr'><strong>Ho÷</strong></span> 
     </span>
     <span class='ocr_line' id='line_1_14' title="bbox 347 2058 1141 2137; baseline 0.003 -21"><span class='ocrx_word' id='word_1_91' title='bbox 347 2067 436 2127; x_wconf 90' lang='lat' dir='ltr'><strong>nesto,</strong></span> <span class='ocrx_word' id='word_1_92' title='bbox 457 2061 497 2118; x_wconf 95' lang='grc' dir='ltr'><strong>ΙΙ.</strong></span> <span class='ocrx_word' id='word_1_93' title='bbox 517 2059 554 2117; x_wconf 90' lang='lat' dir='ltr'><strong>de</strong></span> <span class='ocrx_word' id='word_1_94' title='bbox 573 2061 765 2117; x_wconf 86' lang='lat' dir='ltr'><strong>Honestorum</strong></span> <span class='ocrx_word' id='word_1_95' title='bbox 787 2059 1002 2137; x_wconf 85' lang='lat' dir='ltr'><strong>comparatione,</strong></span> <span class='ocrx_word' id='word_1_96' title='bbox 1025 2060 1080 2118; x_wconf 92' lang='lat'>111.</span> <span class='ocrx_word' id='word_1_97' title='bbox 1103 2058 1141 2118; x_wconf 83' lang='lat' dir='ltr'><strong>de</strong></span> 
     </span>
     <span class='ocr_line' id='line_1_15' title="bbox 346 2135 1139 2215; baseline -0.001 -20"><span class='ocrx_word' id='word_1_98' title='bbox 346 2137 425 2204; x_wconf 88' lang='lat' dir='ltr'><strong>Utili,</strong></span> <span class='ocrx_word' id='word_1_99' title='bbox 440 2138 492 2196; x_wconf 89' lang='lat' dir='ltr'><strong>IV.</strong></span> <span class='ocrx_word' id='word_1_100' title='bbox 518 2138 555 2195; x_wconf 91' lang='lat' dir='ltr'><strong>de</strong></span> <span class='ocrx_word' id='word_1_101' title='bbox 577 2137 697 2195; x_wconf 90' lang='lat' dir='ltr'><strong>Utilium</strong></span> <span class='ocrx_word' id='word_1_102' title='bbox 718 2139 937 2215; x_wconf 86' lang='lat' dir='ltr'><strong>comparatione,</strong></span> <span class='ocrx_word' id='word_1_103' title='bbox 960 2137 997 2195; x_wconf 85' lang='lat' dir='ltr'><strong>V.</strong></span> <span class='ocrx_word' id='word_1_104' title='bbox 1021 2135 1058 2194; x_wconf 90' lang='lat' dir='ltr'><strong>de</strong></span> <span class='ocrx_word' id='word_1_105' title='bbox 1079 2137 1139 2194; x_wconf 87' lang='lat' dir='ltr'><strong>Ho-</strong></span> 
     </span>
     <span class='ocr_line' id='line_1_16' title="bbox 345 2214 1140 2292; baseline 0 -18"><span class='ocrx_word' id='word_1_106' title='bbox 345 2216 419 2274; x_wconf 86' lang='lat' dir='ltr'><strong>nesti</strong></span> <span class='ocrx_word' id='word_1_107' title='bbox 439 2223 469 2274; x_wconf 89' lang='lat' dir='ltr'><strong>et</strong></span> <span class='ocrx_word' id='word_1_108' title='bbox 492 2216 584 2283; x_wconf 86' lang='lat' dir='ltr'><strong>Utilis,</strong></span> <span class='ocrx_word' id='word_1_109' title='bbox 608 2235 673 2292; x_wconf 84' lang='lat' dir='ltr'><strong>quac</strong></span> <span class='ocrx_word' id='word_1_110' title='bbox 704 2216 833 2274; x_wconf 84' lang='lat' dir='ltr'><strong>videatur</strong></span> <span class='ocrx_word' id='word_1_111' title='bbox 854 2234 925 2284; x_wconf 84' lang='lat' dir='ltr'><strong>esse,</strong></span> <span class='ocrx_word' id='word_1_112' title='bbox 946 2214 1140 2274; x_wconf 80' lang='lat' dir='ltr'><strong>contentione:</strong></span> 
     </span>
     <span class='ocr_line' id='line_1_17' title="bbox 347 2292 684 2374; baseline -0.006 -22"><span class='ocrx_word' id='word_1_113' title='bbox 347 2313 409 2371; x_wconf 91' lang='lat' dir='ltr'><strong>cap.</strong></span> <span class='ocrx_word' id='word_1_114' title='bbox 425 2302 453 2362; x_wconf 87' lang='grc'><strong>3,</strong></span> <span class='ocrx_word' id='word_1_115' title='bbox 468 2292 485 2374; x_wconf 65' lang='grc'>5</span> <span class='ocrx_word' id='word_1_116' title='bbox 500 2296 606 2352; x_wconf 85' lang='lat' dir='ltr'><strong>6—fin.</strong></span> <span class='ocrx_word' id='word_1_117' title='bbox 621 2313 684 2372; x_wconf 89' lang='lat' dir='ltr'><strong>cap.</strong></span> 
     </span>
    </p>
   </div>
   <div class='ocr_carea' id='block_1_5' title="bbox 170 2435 1140 2758">
    <p class='ocr_par' dir='ltr' id='par_1_8' title="bbox 170 2435 1140 2758">
     <span class='ocr_line' id='line_1_18' title="bbox 170 2435 799 2514; baseline -0.006 -16"><span class='ocrx_word' id='word_1_118' title='bbox 170 2439 194 2498; x_wconf 89' lang='lat'><strong>1.</strong></span> <span class='ocrx_word' id='word_1_119' title='bbox 209 2439 254 2496; x_wconf 87' lang='lat' dir='ltr'><strong>Do</strong></span> <span class='ocrx_word' id='word_1_120' title='bbox 267 2437 387 2495; x_wconf 74' lang='lat' dir='ltr'><strong>Honeste</strong></span> <span class='ocrx_word' id='word_1_121' title='bbox 400 2435 494 2514; x_wconf 86' lang='lat' dir='ltr'><strong>agitur</strong></span> <span class='ocrx_word' id='word_1_122' title='bbox 506 2455 524 2492; x_wconf 91' lang='lat' dir='ltr'><strong>a</strong></span> <span class='ocrx_word' id='word_1_123' title='bbox 537 2455 571 2494; x_wconf 85' lang='lat' dir='ltr'><strong>cn</strong></span> <span class='ocrx_word' id='word_1_124' title='bbox 593 2481 600 2493; x_wconf 91' lang='lat'><em>.</em></span> <span class='ocrx_word' id='word_1_125' title='bbox 615 2440 735 2514; x_wconf 75' lang='lat' dir='ltr'><strong>4—eap.</strong></span> <span class='ocrx_word' id='word_1_126' title='bbox 752 2441 799 2494; x_wconf 79' lang='lat'><strong>42.</strong></span> 
     </span>
     <span class='ocr_line' id='line_1_19' title="bbox 211 2514 1039 2592; baseline -0.001 -18"><span class='ocrx_word' id='word_1_127' title='bbox 211 2515 387 2574; x_wconf 78' lang='lat' dir='ltr'><strong>Generaliter</strong></span> <span class='ocrx_word' id='word_1_128' title='bbox 399 2515 436 2572; x_wconf 90' lang='lat' dir='ltr'><strong>de</strong></span> <span class='ocrx_word' id='word_1_129' title='bbox 449 2521 550 2572; x_wconf 84' lang='lat' dir='ltr'><strong>natura</strong></span> <span class='ocrx_word' id='word_1_130' title='bbox 593 2515 683 2572; x_wconf 85' lang='lat' dir='ltr'><strong>onesti</strong></span> <span class='ocrx_word' id='word_1_131' title='bbox 696 2514 723 2572; x_wconf 93' lang='lat' dir='ltr'><strong>in</strong></span> <span class='ocrx_word' id='word_1_132' title='bbox 737 2515 913 2572; x_wconf 81' lang='lat' dir='ltr'><strong>universum:</strong></span> <span class='ocrx_word' id='word_1_133' title='bbox 934 2533 997 2592; x_wconf 91' lang='lat' dir='ltr'><strong>cap.</strong></span> <span class='ocrx_word' id='word_1_134' title='bbox 1012 2518 1039 2573; x_wconf 78' lang='lat' dir='ltr'><strong>t.</strong></span> 
     </span>
     <span class='ocr_line' id='line_1_20' title="bbox 210 2591 1140 2672; baseline -0.001 -19"><span class='ocrx_word' id='word_1_135' title='bbox 210 2595 352 2654; x_wconf 85' lang='lat' dir='ltr'><strong>Divisione</strong></span> <span class='ocrx_word' id='word_1_136' title='bbox 364 2593 441 2650; x_wconf 79' lang='lat' dir='ltr'><strong>facta</strong></span> <span class='ocrx_word' id='word_1_137' title='bbox 454 2593 639 2670; x_wconf 78' lang='lat' dir='ltr'><strong>quadruplici,</strong></span> <span class='ocrx_word' id='word_1_138' title='bbox 654 2592 730 2650; x_wconf 89' lang='lat' dir='ltr'><strong>unde</strong></span> <span class='ocrx_word' id='word_1_139' title='bbox 744 2593 861 2650; x_wconf 86' lang='lat' dir='ltr'><strong>virtutes</strong></span> <span class='ocrx_word' id='word_1_140' title='bbox 876 2591 1018 2650; x_wconf 87' lang='lat' dir='ltr'><strong>ducuntur</strong></span> <span class='ocrx_word' id='word_1_141' title='bbox 1031 2592 1140 2672; x_wconf 81' lang='lat' dir='ltr'><strong>sapien·</strong></span> 
     </span>
     <span class='ocr_line' id='line_1_21' title="bbox 287 2671 1013 2758; baseline 0.001 -29"><span class='ocrx_word' id='word_1_142' title='bbox 287 2672 348 2758; x_wconf 73' lang='lat' dir='ltr'><strong>¹tiae,</strong></span> <span class='ocrx_word' id='word_1_143' title='bbox 360 2671 487 2748; x_wconf 84' lang='lat' dir='ltr'><strong>justitiae,</strong></span> <span class='ocrx_word' id='word_1_144' title='bbox 501 2671 679 2739; x_wconf 81' lang='lat' dir='ltr'><strong>fortitudinis,</strong></span> <span class='ocrx_word' id='word_1_145' title='bbox 691 2671 894 2750; x_wconf 69' lang='lat' dir='ltr'><strong>temperantias,</strong></span> <span class='ocrx_word' id='word_1_146' title='bbox 909 2690 970 2748; x_wconf 82' lang='lat' dir='ltr'><strong>cap.</strong></span> <span class='ocrx_word' id='word_1_147' title='bbox 987 2681 1013 2730; x_wconf 83' lang='lat'><strong>5.</strong></span> 
     </span>
    </p>
   </div>
   <div class='ocr_carea' id='block_1_6' title="bbox 211 2812 678 2894">
    <p class='ocr_par' dir='ltr' id='par_1_9' title="bbox 211 2812 678 2894">
     <span class='ocr_line' id='line_1_22' title="bbox 211 2812 678 2894; baseline -0.004 -20"><span class='ocrx_word' id='word_1_148' title='bbox 211 2813 243 2894; x_wconf 95' lang='lat'><strong>1)</strong></span> <span class='ocrx_word' id='word_1_149' title='bbox 258 2813 295 2872; x_wconf 88' lang='lat' dir='ltr'><strong>de</strong></span> <span class='ocrx_word' id='word_1_150' title='bbox 310 2812 455 2888; x_wconf 77' lang='lat' dir='ltr'><strong>Sapientia</strong></span> <span class='ocrx_word' id='word_1_151' title='bbox 467 2813 561 2892; x_wconf 86' lang='lat' dir='ltr'><strong>agitur</strong></span> <span class='ocrx_word' id='word_1_152' title='bbox 573 2831 635 2891; x_wconf 88' lang='lat' dir='ltr'><strong>cap.</strong></span> <span class='ocrx_word' id='word_1_153' title='bbox 651 2819 678 2872; x_wconf 82' lang='grc'><strong>6.</strong></span> 
     </span>
    </p>
   </div>
   <div class='ocr_carea' id='block_1_7' title="bbox 210 2953 1143 3121">
    <p class='ocr_par' dir='ltr' id='par_1_10' title="bbox 210 2953 1143 3121">
     <span class='ocr_line' id='line_1_23' title="bbox 210 2953 1143 3113; baseline -0.001 -97"><span class='ocrx_word' id='word_1_154' title='bbox 210 2955 242 3037; x_wconf 76' lang='lat'><strong>2)</strong></span> <span class='ocrx_word' id='word_1_155' title='bbox 256 2955 293 3015; x_wconf 88' lang='lat' dir='ltr'><strong>de</strong></span> <span class='ocrx_word' id='word_1_156' title='bbox 306 2955 661 3113; x_wconf 49' lang='lat' dir='ltr'><strong>Juetlitgicssethenefioeotia</strong></span> <span class='ocrx_word' id='word_1_157' title='bbox 674 2975 740 3014; x_wconf 90' lang='lat' dir='ltr'><strong>cum</strong></span> <span class='ocrx_word' id='word_1_158' title='bbox 753 2954 802 3014; x_wconf 82' lang='lat' dir='ltr'><strong>illa</strong></span> <span class='ocrx_word' id='word_1_159' title='bbox 814 2955 964 3033; x_wconf 81' lang='lat' dir='ltr'><strong>conjuncta</strong></span> <span class='ocrx_word' id='word_1_160' title='bbox 977 2971 1067 3034; x_wconf 81' lang='lat' dir='ltr'><strong>soap.</strong></span> <span class='ocrx_word' id='word_1_161' title='bbox 1082 2953 1143 3015; x_wconf 89' lang='grc'><strong>7-</strong></span> 
     </span>
     <span class='ocr_line' id='line_1_24' title="bbox 290 3053 488 3121; baseline 0.005 -29"><span class='ocrx_word' id='word_1_162' title='bbox 290 3053 351 3113; x_wconf 87' lang='lat' dir='ltr'><strong>cap.</strong></span> <span class='ocrx_word' id='word_1_163' title='bbox 406 3077 414 3102; x_wconf 91' lang='lat'><strong>,</strong></span> <span class='ocrx_word' id='word_1_164' title='bbox 460 3079 488 3121; x_wconf 45' lang='grc' dir='ltr'><strong>Ι.</strong></span> 
     </span>
    </p>
   </div>
   <div class='ocr_carea' id='block_1_8' title="bbox 249 3173 1140 3646">
    <p class='ocr_par' dir='ltr' id='par_1_11' title="bbox 249 3173 1140 3646">
     <span class='ocr_line' id='line_1_25' title="bbox 249 3173 933 3253; baseline -0.006 -17"><span class='ocrx_word' id='word_1_165' title='bbox 249 3175 287 3236; x_wconf 79' lang='grc' dir='ltr'><strong>Α.</strong></span> <span class='ocrx_word' id='word_1_166' title='bbox 309 3175 345 3234; x_wconf 89' lang='lat' dir='ltr'><strong>de</strong></span> <span class='ocrx_word' id='word_1_167' title='bbox 358 3175 478 3234; x_wconf 70' lang='lat' dir='ltr'><strong>Iustitia</strong></span> <span class='ocrx_word' id='word_1_168' title='bbox 491 3195 508 3232; x_wconf 91' lang='lat' dir='ltr'><strong>a</strong></span> <span class='ocrx_word' id='word_1_169' title='bbox 522 3194 584 3253; x_wconf 87' lang='lat' dir='ltr'><strong>cap.</strong></span> <span class='ocrx_word' id='word_1_170' title='bbox 597 3173 652 3253; x_wconf 75' lang='lat' dir='ltr'><strong>l,§</strong></span> <span class='ocrx_word' id='word_1_171' title='bbox 667 3182 788 3252; x_wconf 75' lang='lat' dir='ltr'><strong>a-cap.</strong></span> <span class='ocrx_word' id='word_1_172' title='bbox 805 3180 851 3242; x_wconf 72' lang='grc'><strong>13.</strong></span> <span class='ocrx_word' id='word_1_173' title='bbox 930 3178 933 3187; x_wconf 90' lang='grc'><strong>’</strong></span> 
     </span>
     <span class='ocr_line' id='line_1_26' title="bbox 308 3251 1018 3332; baseline 0 -20"><span class='ocrx_word' id='word_1_174' title='bbox 308 3253 338 3332; x_wconf 84' lang='lat' dir='ltr'><strong>a)</strong></span> <span class='ocrx_word' id='word_1_175' title='bbox 353 3254 390 3312; x_wconf 90' lang='lat' dir='ltr'><strong>de</strong></span> <span class='ocrx_word' id='word_1_176' title='bbox 403 3255 465 3331; x_wconf 86' lang='lat' dir='ltr'><strong>ipsa</strong></span> <span class='ocrx_word' id='word_1_177' title='bbox 478 3254 581 3312; x_wconf 88' lang='lat' dir='ltr'><strong>virtute</strong></span> <span class='ocrx_word' id='word_1_178' title='bbox 593 3253 727 3332; x_wconf 82' lang='lat' dir='ltr'><strong>justitiae:</strong></span> <span class='ocrx_word' id='word_1_179' title='bbox 749 3273 812 3331; x_wconf 86' lang='lat' dir='ltr'><strong>cap.</strong></span> <span class='ocrx_word' id='word_1_180' title='bbox 825 3255 852 3322; x_wconf 89' lang='grc'><strong>7,</strong></span> <span class='ocrx_word' id='word_1_181' title='bbox 868 3251 885 3331; x_wconf 66' lang='grc' dir='ltr'><strong>ἕ</strong></span> <span class='ocrx_word' id='word_1_182' title='bbox 900 3251 976 3331; x_wconf 76' lang='lat'><strong>2-§</strong></span> <span class='ocrx_word' id='word_1_183' title='bbox 991 3259 1018 3312; x_wconf 85' lang='grc'><strong>6.</strong></span> 
     </span>
     <span class='ocr_line' id='line_1_27' title="bbox 307 3330 1139 3410; baseline -0.006 -17"><span class='ocrx_word' id='word_1_184' title='bbox 307 3333 340 3410; x_wconf 86' lang='lat' dir='ltr'><strong>b)</strong></span> <span class='ocrx_word' id='word_1_185' title='bbox 354 3334 390 3391; x_wconf 91' lang='lat' dir='ltr'><strong>de</strong></span> <span class='ocrx_word' id='word_1_186' title='bbox 404 3332 548 3410; x_wconf 70' lang='lat' dir='ltr'><strong>injustitiae</strong></span> <span class='ocrx_word' id='word_1_187' title='bbox 562 3331 673 3390; x_wconf 90' lang='lat' dir='ltr'><strong>duobus</strong></span> <span class='ocrx_word' id='word_1_188' title='bbox 686 3331 845 3410; x_wconf 82' lang='lat' dir='ltr'><strong>generibus,</strong></span> <span class='ocrx_word' id='word_1_189' title='bbox 859 3330 1012 3390; x_wconf 70' lang='lat' dir='ltr'><strong>inserendae</strong></span> <span class='ocrx_word' id='word_1_190' title='bbox 1033 3336 1063 3388; x_wconf 87' lang='lat' dir='ltr'><strong>et</strong></span> <span class='ocrx_word' id='word_1_191' title='bbox 1082 3347 1139 3389; x_wconf 86' lang='lat' dir='ltr'><strong>non</strong></span> 
     </span>
     <span class='ocr_line' id='line_1_28' title="bbox 387 3407 988 3492; baseline -0.002 -23"><span class='ocrx_word' id='word_1_192' title='bbox 387 3411 570 3492; x_wconf 82' lang='lat' dir='ltr'><strong>prohibendae</strong></span> <span class='ocrx_word' id='word_1_193' title='bbox 585 3410 711 3488; x_wconf 82' lang='lat' dir='ltr'><strong>injuriae:</strong></span> <span class='ocrx_word' id='word_1_194' title='bbox 734 3429 796 3486; x_wconf 88' lang='lat' dir='ltr'><strong>cap.</strong></span> <span class='ocrx_word' id='word_1_195' title='bbox 812 3411 838 3479; x_wconf 87' lang='grc'><strong>7,</strong></span> <span class='ocrx_word' id='word_1_196' title='bbox 853 3407 871 3487; x_wconf 66' lang='grc' dir='ltr'><strong>β</strong></span> <span class='ocrx_word' id='word_1_197' title='bbox 886 3410 902 3468; x_wconf 99' lang='grc'><strong>7</strong></span> <span class='ocrx_word' id='word_1_198' title='bbox 918 3418 947 3467; x_wconf 86' lang='lat' dir='ltr'><strong>et</strong></span> <span class='ocrx_word' id='word_1_199' title='bbox 961 3417 988 3468; x_wconf 84' lang='grc'><strong>8.</strong></span> 
     </span>
     <span class='ocr_line' id='line_1_29' title="bbox 428 3485 1140 3566; baseline -0.003 -22"><span class='ocrx_word' id='word_1_200' title='bbox 428 3487 459 3566; x_wconf 82' lang='grc' dir='ltr'><strong>α)</strong></span> <span class='ocrx_word' id='word_1_201' title='bbox 475 3488 511 3546; x_wconf 86' lang='lat' dir='ltr'><strong>dc</strong></span> <span class='ocrx_word' id='word_1_202' title='bbox 524 3489 667 3546; x_wconf 79' lang='lat' dir='ltr'><strong>inferenda</strong></span> <span class='ocrx_word' id='word_1_203' title='bbox 676 3488 791 3566; x_wconf 82' lang='lat' dir='ltr'><strong>injuria:</strong></span> <span class='ocrx_word' id='word_1_204' title='bbox 809 3507 826 3545; x_wconf 85' lang='lat' dir='ltr'><strong>n</strong></span> <span class='ocrx_word' id='word_1_205' title='bbox 837 3507 899 3564; x_wconf 88' lang='lat' dir='ltr'><strong>cap.</strong></span> <span class='ocrx_word' id='word_1_206' title='bbox 910 3488 936 3554; x_wconf 89' lang='grc'><strong>7,</strong></span> <span class='ocrx_word' id='word_1_207' title='bbox 947 3485 965 3564; x_wconf 63' lang='grc' dir='ltr'><strong>ἓ</strong></span> <span class='ocrx_word' id='word_1_208' title='bbox 980 3493 1100 3561; x_wconf 80' lang='lat' dir='ltr'><strong>9-cap.</strong></span> <span class='ocrx_word' id='word_1_209' title='bbox 1112 3491 1140 3543; x_wconf 86' lang='grc'><strong>8.</strong></span> 
     </span>
     <span class='ocr_line' id='line_1_30' title="bbox 425 3562 1140 3646; baseline -0.007 -20"><span class='ocrx_word' id='word_1_210' title='bbox 425 3565 463 3646; x_wconf 82' lang='grc' dir='ltr'><strong>β)</strong></span> <span class='ocrx_word' id='word_1_211' title='bbox 477 3567 514 3626; x_wconf 93' lang='lat' dir='ltr'><strong>de</strong></span> <span class='ocrx_word' id='word_1_212' title='bbox 545 3566 788 3644; x_wconf 71' lang='lat' dir='ltr'><strong>pretermittenda</strong></span> <span class='ocrx_word' id='word_1_213' title='bbox 818 3565 980 3624; x_wconf 76' lang='lat' dir='ltr'><strong>defensione</strong></span> <span class='ocrx_word' id='word_1_214' title='bbox 1003 3562 1140 3640; x_wconf 75' lang='lat' dir='ltr'><strong>justitia:</strong></span> 
     </span>
    </p>
   </div>
   <div class='ocr_carea' id='block_1_9' title="bbox 506 3642 777 3780">
    <p class='ocr_par' dir='ltr' id='par_1_12' title="bbox 506 3642 777 3780">
     <span class='ocr_line' id='line_1_31' title="bbox 506 3642 777 3780; baseline 0.007 -78"><span class='ocrx_word' id='word_1_215' title='bbox 506 3664 568 3722; x_wconf 85' lang='lat' dir='ltr'><strong>cap.</strong></span> <span class='ocrx_word' id='word_1_216' title='bbox 585 3652 612 3712; x_wconf 80' lang='grc'><strong>9,</strong></span> <span class='ocrx_word' id='word_1_217' title='bbox 627 3642 735 3780; x_wconf 60' lang='lat' dir='ltr'><strong>§ll-«5</strong></span> <span class='ocrx_word' id='word_1_218' title='bbox 750 3653 777 3704; x_wconf 82' lang='lat'><strong>5.</strong></span> 
     </span>
    </p>
   </div>
   <div class='ocr_carea' id='block_1_10' title="bbox 0 0 1330 4288">
    <p class='ocr_par' dir='ltr' id='par_1_13' title="bbox 0 0 1330 4288">
     <span class='ocr_line' id='line_1_32' title="bbox 0 0 1330 4288; baseline 0 0"><span class='ocrx_word' id='word_1_219' title='bbox 0 0 1330 4288; x_wconf 95' lang='lat' dir='ltr'><strong> </strong></span> 
     </span>
    </p>
   </div>
  </div>
 </body>
</html>
