2750 4284
241 333 300 391 ua
666 345 705 386 nn
719 343 847 388 omens

240 481 278 536 12
331 477 362 534 N
361 495 408 534 am
420 475 492 534 illud
505 475 630 554 quidem,

435 587 535 660 Neque
547 587 618 652 dedi,
634 605 719 661 nequae
731 587 768 644 do
781 586 891 661 infideli
904 585 1046 659 utiquam,

291 693 395 752 idcirco
413 699 490 750 recte
505 711 522 749 a
535 701 629 771 poeta,
644 693 718 770 quia,
734 713 799 750 cum
815 698 984 748 tractaretur
997 691 1115 760 Atreus,
1132 707 1278 769 personae

242 789 280 842 la
295 782 473 840 serviendum
487 783 549 840 fuit.
592 782 650 839 Sed
665 783 688 838 si
701 783 755 838 hoc
770 780 822 838 sibi
836 789 959 846 sumunt,
969 780 1075 837 nullam
1086 799 1150 838 esse
1166 781 1275 846 fidem,

291 891 356 949 quae
379 872 485 930 infideli
498 872 566 930 data
586 872 630 939 sit,
645 871 767 939 videant,
782 889 817 927 ne
832 878 975 947 quaeratur
994 871 1103 928 latebra
1125 872 1273 949 perjurio.

240 965 277 1020 14
292 961 345 1018 Est
364 961 413 1039 jus
432 962 517 1019 etiam
539 962 680 1028 bellicum,
705 961 831 1037 fidesque
849 959 921 1038 juris
939 960 1054 1036 jurandi
1083 979 1162 1037 saepe
1200 979 1273 1018 cum

240 1056 276 1110 15
291 1050 373 1107 hoste
387 1049 535 1108 servande,
576 1050 660 1118 Quod
674 1050 748 1106 enim
762 1051 802 1106 ita
812 1049 940 1128 juratum
954 1055 1006 1116 est,
1021 1055 1055 1105 ut
1068 1068 1151 1106 mens
1166 1050 1271 1107 conci-

293 1147 373 1216 peret
387 1139 447 1195 fieri
460 1147 599 1216 oportere,
614 1139 643 1196 id
658 1138 829 1196 servandum
843 1145 902 1194 est:
924 1138 1002 1214 quod
1014 1138 1103 1204 aliter,
1119 1137 1149 1195 id
1163 1139 1191 1195 si
1208 1157 1272 1196 non

240 1232 277 1287 16
292 1228 400 1296 feceris,
414 1229 524 1286 nullum
545 1235 590 1286 est
612 1228 776 1305 perjurium.
818 1227 870 1293 Ut,
891 1227 914 1284 si
936 1226 1116 1304 praedonibus
1138 1235 1269 1304 pactum

292 1337 345 1395 pro
365 1318 457 1394 capite
478 1318 600 1394 pretium
614 1335 671 1374 non
684 1316 821 1382 attuleris,
836 1315 915 1372 nulla
932 1315 1012 1374 fraus
1025 1323 1077 1383 est,
1092 1334 1128 1372 ne
1143 1317 1167 1372 si
1179 1317 1268 1392 jnra-

240 1405 277 1466 1'1
292 1413 339 1464 tus
352 1407 466 1483 quidem
480 1405 509 1464 id
524 1424 580 1463 non
592 1405 700 1464 feceris.
742 1405 819 1462 Nam
833 1404 925 1481 pirata
937 1425 994 1462 non
1007 1412 1052 1462 est
1066 1404 1268 1482 perduellium

291 1514 408 1552 numero
422 1495 562 1564 definitus,
576 1495 627 1552 sed
642 1494 797 1552 communis
817 1493 907 1552 hostis
928 1494 1062 1552 omnium.
1104 1494 1182 1552 (lum
1205 1495 1267 1553 hoc

241 1589 278 1641 is
292 1601 343 1641 nec
357 1582 427 1640 fides
438 1582 525 1642 debet
537 1603 590 1642 nec
598 1583 646 1660 jus
658 1583 813 1660 jurandum
826 1601 888 1640 esse
899 1600 1059 1641 commune.
1100 1582 1168 1640 Non
1181 1584 1265 1641 enim

291 1671 395 1728 salsum
416 1671 522 1748 jurare,
547 1672 694 1749 perjurare
717 1679 776 1739 est3
797 1671 857 1738 sed,
880 1671 958 1748 quod
981 1691 1028 1728 nx
1047 1689 1265 1731 au1u1rn1

291 1776 515 1816 snnnnsru
533 1759 646 1838 juraris,
661 1761 735 1819 sicut
754 1761 847 1818 verbis
872 1759 1029 1836 concipitur
1048 1779 1127 1818 more
1147 1769 1261 1832 nostro,

240 1851 277 1906 19
291 1847 321 1907 id
334 1847 506 1916 nonfacere,
521 1849 677 1926 perjurium
691 1856 743 1907 est.
784 1849 861 1906 Scite
875 1849 950 1906 enim
963 1849 1131 1926 Euripides:

474 1959 580 2017 Jcravt
594 1961 701 2034 linqua,
716 1969 831 2018 monem
844 1961 999 2034 injuratum
1010 1979 1082 2034 geru.

241 2075 279 2128 10
294 2069 423 2148 Regulus
433 2089 501 2130 vero
514 2089 571 2129 non
584 2070 683 2129 debuit
697 2071 870 2128 conditiones
884 2069 1087 2148 pactionesque
1100 2071 1217 2129 bellicas
1229 2080 1259 2131 et

239 2165 275 2218 21
291 2159 407 2218 hostiles
428 2161 596 2238 perturbare
617 2160 750 2238 perjurio.
793 2160 867 2218 (lum
886 2161 966 2237 justo
986 2160 1060 2218 enim
1080 2167 1109 2217 et
1129 2159 1258 2238 legitimo

290 2250 373 2308 hoste
393 2269 438 2307 res
458 2251 620 2328 gerebatur,
634 2249 772 2307 adversus
785 2267 872 2327 quem
885 2256 914 2306 et
927 2255 1021 2306 totum
1039 2249 1088 2326 jus
1107 2249 1209 2316 fetiale,
1227 2260 1257 2310 et

239 2343 277 2396 22
291 2325 381 2396 multa
391 2347 458 2396 sunt
468 2340 535 2416 jura
548 2337 717 2398 communia.
758 2338 843 2406 Quod
857 2338 886 2396 ni
899 2338 940 2394 ite
949 2346 1032 2406 esset,
1044 2357 1187 2415 nunquam
1197 2340 1255 2398 cla·

290 2447 337 2486 ros
360 2428 435 2486 viros
458 2436 572 2486 senatus
595 2428 707 2486 vinctos
734 2427 865 2486 hostibus
893 2427 1058 2486 dedidisset.
1098 2427 1188 2485 XXX
1209 2429 1256 2486 At

290 2535 358 2578 uero
371 2517 402 2576 Τ.
418 2516 554 2575 Veturius
568 2523 598 2575 et
611 2517 661 2593 sp.
676 2517 849 2584 Postumius,
865 2535 931 2574 cum
951 2516 1054 2574 iterum
1068 2517 1195 2574 consides
1208 2536 1254 2574 es-

277 2605 362 2674 'ssnt
377 2607 451 2684 quia,
466 2625 532 2664 cum
546 2606 619 2664 male
632 2611 793 2684 pugnatum
802 2605 879 2683 apud
890 2605 1033 2662 Gaudium
1047 2612 1129 2674 esset,
1139 2606 1253 2684 legioni·

291 2695 346 2754 bus
360 2695 463 2752 nostris
483 2697 537 2754 sub
557 2695 662 2773 jugum
681 2695 781 2762 missis,
797 2713 898 2771 pacem
913 2715 979 2752 cum
994 2695 1166 2753 Samnitibus
1178 2695 1252 2754 fece·

290 2790 363 2851 rant,
372 2783 461 2840 dediti
470 2791 537 2841 sunt
547 2785 607 2842 his:
626 2784 738 2861 injussu
746 2784 821 2842 enim
832 2784 931 2862 populi
940 2791 1110 2861 senatusque
1120 2784 1251 2844 fecerant

253 2878 271 2930 1
292 2870 458 2946 Eodemque
473 2879 601 2948 tempore
611 2874 651 2932 Τι’.
663 2873 820 2940 Numicius,
832 2873 866 2942 Q.
878 2873 999 2940 hlaelius,
1011 2872 1060 2950 qui
1075 2879 1137 2932 tum
1149 2873 1251 2932 tribuni

291 2961 383 3039 plebis
403 2967 492 3028 erant,
506 2962 584 3039 quod
599 2979 697 3020 eorum
716 2962 884 3020 auctoritate
906 2980 963 3039 pax
985 2969 1047 3019 erat
1066 2963 1151 3029 facta,
1165 2961 1250 3020 dediti

252 3056 270 3110 8
291 3057 366 3118 sunt,
375 3057 408 3109 ut
421 3069 478 3128 pax
491 3050 660 3108 Samnitium
673 3050 878 3128 repudiaretur.
919 3051 1020 3127 Atque
1033 3051 1121 3128 hujus
1135 3051 1248 3109 deditio-

291 3139 334 3197 nis
355 3141 416 3216 ipse
439 3139 611 3207 Postumius,
633 3140 682 3216 qui
708 3139 875 3207 dedebatur,
896 3159 996 3197 suasor
1018 3147 1047 3198 et
1071 3146 1169 3197 auctor
1187 3141 1246 3200 fuit.

292 3227 377 3296 Quod
391 3227 467 3285 idem
481 3227 577 3286 multis
593 3229 672 3286 annis
687 3236 753 3306 post
764 3229 797 3286 0.
812 3229 969 3296 Mancinus,
984 3229 1042 3304 qui,
1058 3236 1092 3288 ut
1105 3229 1134 3286 N
1135 3230 1246 3287 umenti-

291 3315 344 3383 nis,
359 3316 530 3393 quibuscum
551 3317 610 3375 sine
632 3326 748 3376 senatus
770 3318 939 3376 auctoritate
961 3318 1056 3375 ioedua
1075 3319 1187 3385 iecerat,
1200 3318 1245 3375 de-

293 3403 418 3471 deretur,
432 3405 607 3482 rogationem
626 3407 715 3464 suasit
734 3425 806 3474 cem,
820 3425 907 3484 quam
925 3407 957 3464 L.
978 3407 1090 3476 Furius,
1106 3407 1136 3466 S.
1151 3407 1245 3466 Atilius

290 3513 329 3552 ex
342 3499 457 3552 senatus
471 3495 600 3552 consulto
613 3496 758 3554 ferebant:
781 3516 837 3573 qua
850 3507 977 3574 accepta,
993 3505 1037 3553 est
1056 3497 1183 3554 hostibus
1199 3496 1243 3554 de·

259 3587 280 3641 4
293 3583 378 3642 ditus.
421 3581 574 3640 Honestius
587 3583 632 3641 hic
646 3602 732 3659 quam
742 3585 775 3652 Q.
787 3585 950 3662 Pompeius,
960 3603 1025 3661 quc,
1036 3604 1102 3644 cum
1115 3585 1244 3644 incudem

260 3677 381 3730 tcauue
400 3677 485 3739 esset,
499 3670 678 3748 deprecante,
693 3678 813 3749 accepte
832 3672 879 3730 lex
892 3691 949 3730 non
967 3679 1021 3734 est.
1063 3674 1120 3732 Hic
1133 3691 1174 3742 ea,
1186 3691 1241 3750 que
