2648 4288
415 389 501 428 uana
514 391 534 430 1.
576 389 642 430 cur.
657 389 723 429 xxv.
1025 381 1063 434 83

86 535 160 586 ιοεει;
179 537 205 576 sc
216 517 313 596 fugere
327 518 386 576 sine
400 537 453 576 suo
467 519 607 577 dedecore
620 539 676 576 non
697 539 790 596 posse.
831 519 930 596 Atque
943 521 1007 579 hoec
1023 527 1061 580 10

89 608 171 665 uidem
191 609 404 666 mcedaemoniis
427 609 512 686 plaga
532 609 696 666 mediocris:
719 609 766 667 illa
787 610 928 686 pestifera,
943 629 1009 688 qua,

85 716 127 754 um
140 698 334 766 cleombrotus,
346 697 478 756 invidiam
493 699 602 764 timens,
615 707 721 756 temere
735 719 801 757 cum
814 699 1011 776 Epaminonda

86 787 226 854 inflixisset,
245 788 524 845 Lacedaemoniorum
545 807 614 865 opes
629 797 803 846 corruerunt.
845 789 959 858 Quanto
973 789 1008 858 Q,
1025 794 1061 849 11

86 877 191 934 luximus
204 878 323 936 melius?
341 878 377 936 de
391 897 449 954 quo
462 878 585 935 Ennius:

177 978 252 1036 Unus
265 979 345 1035 torno
357 980 433 1035 actm
446 979 598 1035 cunctando
611 979 734 1035 restituit
746 998 812 1038 rem.

167 1067 232 1124 Nou
240 1069 357 1141 ponebat
370 1070 443 1124 enim
456 1087 578 1125 rumores
591 1077 654 1124 ante
667 1069 793 1127 salutem.

168 1155 242 1230 Erpo
250 1167 367 1232 postque
380 1159 522 1231 mayisque
535 1160 589 1214 uiri
602 1174 676 1214 cunc
686 1159 778 1231 pluria
792 1161 882 1218 claret.

86 1257 137 1313 uod
156 1275 242 1334 genus
263 1257 400 1333 peccandi
412 1257 558 1314 vitandum
580 1264 624 1314 est
646 1257 732 1314 etiam
745 1259 773 1314 in
787 1260 872 1315 rebus
885 1259 1008 1318 urbanis.
1025 1266 1061 1319 12

86 1354 126 1401 int
145 1346 223 1412 enim,
238 1346 294 1421 qui,
309 1346 387 1421 quod
410 1346 542 1412 sentiunt,
557 1346 610 1403 etsi
632 1346 772 1421 optimum
794 1347 839 1414 sit,
853 1354 949 1405 tamen
968 1348 1010 1406 in·

86 1434 133 1492 liae
147 1442 223 1491 metu
235 1453 291 1491 non
304 1419 412 1492 auderit
425 1435 527 1492 dicere.

87 1589 178 1646 XXV.
195 1589 315 1647 Omnino
325 1590 373 1666 qui
383 1589 423 1646 rei
437 1590 559 1666 publicae
569 1590 720 1668 praefuturi
731 1600 797 1648 sunt
810 1590 868 1649 duo
881 1592 1009 1652 Platonis

86 1686 192 1756 acepta
206 1687 339 1736 teneant:
362 1699 458 1747 unum,
474 1689 507 1736 ut
521 1681 672 1738 utilitatem
693 1681 795 1738 civium
810 1681 849 1738 sic
863 1689 1007 1752 tueantur,

102 1789 279 1845 quaecunque
294 1776 393 1847 agunt,
408 1770 445 1826 ad
464 1789 527 1826 eam
548 1771 679 1838 referant,
695 1771 775 1828 obliti
795 1772 1010 1830 commodorum

86 1879 178 1916 trum:
200 1860 329 1926 alterum,
344 1867 377 1916 ut
397 1866 490 1917 totum
511 1878 615 1937 corpus
636 1859 676 1916 rei
696 1861 819 1935 publicae
840 1868 947 1930 curent,
962 1881 1007 1929 ne,

86 1969 112 2005 m
133 1957 243 2024 partem
264 1949 387 2025 aliquam
407 1956 532 2016 tuentur,
546 1949 668 2025 reliquas
690 1949 830 2008 deserant.
872 1951 914 2007 Ut
934 1951 1041 2010 enim2

86 2038 140 2105 ela,
157 2038 196 2097 sic
217 2039 379 2115 procuratio
398 2039 438 2095 rei
459 2039 581 2115 publicae
605 2038 642 2094 ad
665 2039 815 2095 utilitatem
838 2058 944 2107 eorum,
960 2040 1009 2116 qui

86 2127 182 2185 nmissi
196 2137 272 2196 sunt,
287 2148 344 2185 non
357 2127 395 2184 ad
409 2147 515 2194 eorum,
530 2129 633 2204 quibus
654 2127 805 2184 commissa
818 2134 869 2195 est,
884 2129 1010 2205 gerenda

86 2262 91 2273 .
135 2218 192 2286 Qui
215 2225 311 2275 autom
333 2216 407 2294 parti
427 2217 529 2274 civium
551 2217 710 2283 consulunt,
726 2223 837 2292 partem
850 2217 1041 2294 negligunt,8

86 2327 98 2363 n
114 2307 381 2383 perniciosissimam
390 2306 417 2363 in
429 2307 571 2364 civitatem
586 2305 732 2371 inducunt,
745 2305 914 2362 seditionem
923 2312 1009 2382 atque

86 2397 230 2454 cordiam:
253 2415 288 2454 ex
309 2415 367 2473 quo
387 2396 489 2462 evenit,
515 2404 548 2451 ut
572 2394 619 2450 alii
642 2394 802 2470 populares,
824 2392 871 2450 alii
890 2394 1009 2453 studiosi

86 2486 137 2543 imi
157 2487 300 2564 cujusque
314 2485 470 2551 videantur,
485 2483 569 2561 pauci
589 2483 792 2541 universorum.
834 2483 909 2541 Hinc
930 2484 1041 2561 apud4

86 2577 232 2634 1enienses
253 2595 365 2653 magnac
388 2574 551 2632 discordiae:
582 2573 727 2630 innostra
754 2591 785 2629 re
813 2573 928 2649 publica
951 2593 1009 2632 non

86 2685 127 2722 rm
140 2665 306 2731 seditiones,
319 2665 369 2722 sed
384 2665 469 2722 etiam
484 2663 617 2741 pestifera
630 2663 706 2721 bella
716 2662 822 2720 civilia:
837 2682 903 2738 quae
914 2663 1009 2740 gravis

86 2756 159 2812 'ortis
175 2755 246 2813 civis
261 2755 332 2812 etin
346 2774 376 2811 re
391 2754 505 2831 publica
528 2753 631 2831 dignus
646 2752 806 2831 principatu
819 2752 910 2830 fugiet
924 2761 1010 2830 atque

87 2846 133 2911 rit,
159 2845 318 2921 tradetque
339 2863 370 2901 sc
390 2852 483 2900 totum
503 2843 544 2900 rei
557 2843 689 2920 publicae,
704 2861 796 2919 neque
810 2862 880 2921 opes
894 2851 944 2900 aut
957 2861 1008 2920 po·

86 2935 152 2990 :iam
168 2934 392 3000 consectabitur,
405 2941 552 3009 totamque
563 2951 626 2989 eam
636 2932 676 2990 sic
688 2933 821 2999 tuebitur,
833 2940 866 2989 ut
877 2933 1009 2992 omuibus

86 3025 173 3082 sulat.
220 3024 250 3080 N
252 3043 284 3080 ec
299 3043 365 3080 vcro
386 3022 547 3080 criminibus
566 3022 645 3079 falsis
658 3021 687 3078 in
701 3021 798 3078 odium
812 3028 862 3077 aut
875 3020 1008 3078 invidiam
1023 3029 1041 3082 5

86 3133 212 3190 mquam
228 3113 357 3171 vocabit:
379 3112 550 3188 omninoque
562 3111 602 3168 ita
612 3109 731 3188 justitiae
747 3109 944 3186 honestatique
957 3110 1008 3168 ad-

86 3212 185 3271 escat,
202 3211 247 3272 ut,
263 3204 333 3261 dum
354 3222 389 3260 ea
409 3208 564 3268 conservet,
579 3199 708 3276 quamvis
728 3199 854 3277 graviter
872 3201 1007 3268 offendat,

86 3302 218 3370 temque
234 3299 355 3371 oppetat
369 3291 472 3369 potius,
486 3309 573 3367 quam
588 3290 703 3348 deserat
716 3289 771 3357 illa,
787 3309 853 3366 quae
868 3290 934 3348 dixi.
949 3309 963 3326 ⁸

86 3385 240 3442 [iserrima
253 3382 367 3440 omnino
380 3389 424 3438 est
442 3380 558 3439 ambitio
578 3381 775 3456 honorumque
789 3380 950 3438 contentio:
972 3380 1009 3438 de
1023 3384 1042 3436 6

101 3474 259 3552 praeclare
280 3471 359 3550 apud
383 3471 505 3529 eundem
526 3478 570 3528 cst
590 3470 748 3536 Platonem,
770 3469 896 3526 similiter
915 3469 1010 3524 facere

104 3564 160 3640 qui
188 3563 269 3620 inter
292 3580 323 3619 se
347 3559 558 3626 contenderent,
580 3567 645 3616 uter
665 3559 759 3635 potius
779 3577 839 3614 rem
864 3556 1008 3633 publicam

88 3653 262 3719 inistraret,
276 3658 310 3708 ut
322 3650 347 3708 si
359 3659 455 3710 nautae
477 3655 626 3717 certarent,
641 3648 704 3725 quis
718 3665 817 3705 eorum
831 3644 1008 3722 potissimum
1052 3679 1055 3684 ·

86 3747 225 3800 amaret.
