2750 4284
197 360 236 423 tt
610 379 649 420 ou
664 379 791 420 osricus

249 507 388 566 sordidius
401 509 485 586 regi?
505 508 605 566 melius
620 509 713 576 etiam,
728 509 805 586 quod
826 508 1002 588 largitionem
1018 509 1213 588 corruptelam

249 615 311 655 esse
322 597 399 655 dixit.
427 598 474 656 Fit
484 599 556 655 enim
568 598 698 665 deterior,
709 599 758 674 qui
770 599 880 675 accipit,
896 607 981 677 atque
995 601 1032 658 ad
1046 600 1121 658 idem
1136 621 1212 660 sem-

218 693 302 764 Sper
323 687 530 764 expectandum
553 688 685 765 paratior.
727 687 790 746 Hoc
812 689 859 746 ille
878 689 943 756 filio,
959 689 1010 746 sed
1033 697 1212 767 praeceptum

249 783 384 854 putemus
397 777 534 834 omnibus¹
577 777 768 845 Quamobrem
782 777 811 835 id
825 777 940 853 quidem
954 797 1011 836 non
1024 779 1143 838 dubium
1156 788 1210 848 est,

249 866 318 944 quin
339 865 386 922 illa
408 865 574 944 benignitas,
592 885 657 944 quae
678 873 789 924 constet
808 885 843 924 ex
864 886 951 944 opera
971 875 1000 926 et
1020 868 1167 936 industria,
1183 879 1214 928 et

249 954 392 1012 honestior
413 955 456 1022 sit,
472 962 501 1012 et
522 955 608 1012 latius
629 961 734 1031 pateat,
750 963 779 1012 et
801 956 892 1032 possit
914 956 1050 1032 prodesse
1072 959 1211 1034 pluribus.

217 1049 236 1103 9
251 1041 461 1120 Nonnunquam
474 1051 569 1102 tamen
580 1050 624 1102 est
637 1043 823 1122 largiendum,
834 1063 886 1102 nec
899 1045 954 1102 hoc
968 1045 1147 1123 benignitatis
1161 1067 1211 1126 ge-

248 1152 302 1190 nus
327 1134 439 1191 omnino
463 1133 669 1210 repudiandum
692 1141 744 1200 est,
766 1141 796 1190 et
819 1151 896 1210 saepe
920 1134 1027 1192 idoneis
1050 1134 1213 1195 hominibus

249 1223 441 1302 indigentibus
456 1223 492 1280 de
506 1243 537 1280 re
550 1222 678 1280 familiari
693 1223 927 1299 impertiendum:
943 1224 994 1281 sed
1005 1224 1155 1302 diligenter
1168 1234 1211 1284 at·

198 1315 236 1370 10
250 1331 304 1390 que
319 1315 472 1372 moderate.
514 1313 597 1373 Multi
611 1311 684 1369 enim
701 1312 867 1389 patrimonia
881 1313 1041 1370 effuderunt
1055 1315 1212 1372 inconsulte

249 1403 405 1481 largiendo.
441 1403 515 1471 Quid
531 1411 626 1460 autem
640 1408 684 1458 est
698 1401 820 1469 stultius,
836 1421 930 1478 quam,
945 1403 1023 1478 quod
1036 1403 1156 1461 libenter
1169 1405 1212 1460 fa-

199 1496 233 1550 11
250 1492 315 1558 cias,
331 1510 437 1558 curare,
453 1499 485 1547 ut
505 1491 533 1547 id
554 1490 658 1548 diutius
678 1491 770 1548 iacere
785 1510 842 1549 non
860 1491 973 1568 possis?
1014 1492 1113 1568 Atque
1126 1493 1213 1550 etiam

249 1590 406 1655 sequuntur
419 1580 596 1656 largitionem
610 1580 724 1656 rapinae.
767 1580 841 1637 (lum
859 1581 933 1636 enim
947 1579 1042 1637 dando
1055 1599 1138 1658 egere
1153 1601 1211 1640 coe·

199 1673 235 1726 12
249 1676 360 1745 perimt,
375 1669 470 1726 alienis
485 1669 563 1725 bonis
577 1687 677 1724 manus
691 1669 791 1726 afferre
805 1677 953 1747 coguntur.
989 1671 1043 1737 Ita,
1056 1690 1122 1727 eum
1133 1671 1212 1728 beni-

248 1757 378 1816 volentiae
401 1757 599 1833 comparandae
627 1775 713 1814 causa
735 1759 852 1816 benefici
872 1778 935 1816 esse
951 1759 1047 1827 velint,
1062 1779 1119 1818 non
1132 1767 1213 1818 tanta

251 1847 346 1904 studia
370 1853 558 1922 assequuntur
585 1865 691 1914 eorum,
716 1847 818 1922 quibus
842 1848 991 1916 dederunt,
1016 1857 1123 1925 quanta
1146 1850 1213 1906 odia

198 1942 234 1995 13
250 1955 355 2002 eorum,
371 1936 473 2012 quibus
494 1937 669 1994 ademerunt.
711 1937 901 2005 Quamobrem
922 1955 974 1995 nec
993 1939 1032 1995 ita
1052 1937 1212 1996 claudenda

248 2045 294 2084 res
315 2032 360 2082 est
379 2025 530 2094 familiaria,
545 2034 579 2083 ut
596 2045 658 2082 eam
678 2025 837 2103 benignitas
852 2027 961 2104 aperire
974 2047 1030 2084 non
1045 2028 1142 2104 possit,
1159 2047 1211 2086 neo

248 2115 288 2173 ita
302 2116 460 2184 reseranda,
475 2123 508 2172 ut
531 2123 627 2193 pateat
649 2116 795 2173 omnibus:
817 2117 919 2173 modus
940 2116 1116 2184 adhibeatur,
1131 2117 1211 2194 isque

198 2209 235 2264 14
249 2205 387 2263 referatur
396 2205 434 2262 ad
448 2206 605 2263 facultates.
635 2206 756 2264 Omnino
766 2206 924 2262 meminisse
936 2207 1072 2264 debemus
1083 2207 1120 2274 id,
1132 2207 1211 2284 quod

249 2314 266 2352 a
286 2295 388 2352 nostris
408 2295 566 2352 bominibus
585 2295 739 2371 saepissime
758 2302 936 2371 usurpatum,
950 2297 1010 2374 jam
1028 2297 1056 2354 in
1070 2296 1211 2374 proverbii

198 2389 235 2444 15
250 2384 481 2442 consuetudinem
490 2384 573 2451 venit,
583 2383 760 2462 largitionem
769 2384 889 2441 fundum
898 2404 955 2442 nou
963 2385 1075 2443 habere.
1097 2385 1210 2442 Etenim

249 2474 311 2550 quis
325 2480 421 2551 potest
434 2473 536 2530 modus
550 2493 620 2542 esse,
633 2492 697 2530 oum
712 2479 741 2530 et
754 2473 829 2530 idem
840 2474 888 2550 qui
902 2481 1081 2542 consuerunt,
1092 2482 1122 2532 et
1134 2474 1210 2534 idem

247 2563 319 2622 illud
332 2563 378 2620 alii
391 2563 573 2622 desiderent?

288 2741 368 2800 XVI.
391 2742 512 2798 Omnino
530 2741 587 2798 duo
608 2747 674 2798 sunt
695 2760 800 2818 genera
819 2742 973 2820 largorum,
987 2761 1108 2819 quorum
1129 2742 1210 2800 alteri

217 2835 234 2889 2
249 2829 459 2908 prodigilalteri
468 2831 604 2888 liberales.
634 2830 757 2908 Prodigi,
768 2831 816 2908 qui
824 2832 923 2909 epulis,
933 2839 963 2889 et
970 2832 1208 2900 viscerationibus,

249 2927 279 2978 et
288 2919 479 2999 gladiatorum
489 2921 659 2987 muneribus
671 2919 804 2978 ludorum
812 2922 1048 2998 venationumque
1059 2929 1207 2999 apparatu,

250 3009 383 3087 pecunias
398 3009 575 3086 profundunt
589 3009 617 3066 in
631 3028 678 3066 eas
693 3029 746 3075 res,
763 3029 882 3087 quarum
896 3011 1063 3068 memoriam
1076 3018 1126 3067 aut
1144 3011 1207 3069 bre·

217 3105 234 3157 ³
249 3117 313 3157 vem
328 3106 379 3156 aut
392 3100 498 3156 nullam
512 3100 623 3157 omnino
638 3100 694 3158 sint
707 3099 838 3158 relicturi.
880 3099 1024 3157 Liberales
1038 3107 1143 3166 autem,
1159 3099 1208 3176 qui

249 3189 306 3246 suis
319 3188 502 3247 facultatibus
518 3197 568 3247 aut
583 3197 681 3268 captos
699 3209 717 3246 a
737 3189 918 3266 praedonibus
936 3189 1087 3257 redimunt,
1105 3197 1156 3246 aut
1168 3207 1209 3248 aes

248 3277 370 3336 alienum
395 3279 551 3356 suscipiunt
578 3281 740 3347 amicorum,
762 3286 813 3336 aut
835 3279 864 3335 in
885 3279 1005 3337 filiarum
1025 3277 1208 3337 collocatione

248 3367 393 3446 adjuvant,
409 3375 459 3426 aut
478 3368 653 3446 opitulantur
671 3369 700 3426 in
723 3387 753 3424 re
769 3368 814 3426 vel
829 3367 990 3444 quaerenda,
1005 3368 1050 3425 vel
1068 3367 1207 3445 augenda

104 3521 108 3530 ⁸
181 3450 183 3454 ’
215 3457 351 3534 41taque
375 3458 467 3524 miror,
489 3459 557 3534 quid
579 3458 608 3514 in
631 3465 756 3514 mentem
775 3457 883 3514 venerit
906 3457 1103 3534 Theophrasto
1126 3456 1154 3512 in
1174 3474 1209 3514 eo

247 3547 327 3613 libro,
343 3566 427 3624 quem
442 3547 479 3604 de
493 3547 594 3604 divitiis
609 3546 737 3622 scripsit:
759 3545 787 3602 in
801 3565 858 3621 quo
873 3546 963 3604 multa
981 3545 1125 3622 praeolare,
1139 3544 1208 3603 illud

246 3636 378 3694 absurde.
419 3637 472 3694 Est
485 3637 558 3694 enim
572 3636 679 3702 multus
693 3635 720 3692 in
734 3635 878 3692 laudanda
895 3634 1102 3714 magnificentia
1116 3642 1145 3692 et
1158 3652 1208 3710 ap·

247 3741 279 3746 “’
384 3743 386 3745 ’
416 3725 595 3813 popularium
617 3742 781 3782 munerum:
802 3723 958 3801 taliumque
978 3726 1144 3800 sumptuum
1166 3722 1207 3778 ia·
