2648 4288
424 405 511 444 umus
524 405 544 445 1.
584 405 651 445 ose.
666 403 705 445 ιι.
1034 381 1072 446 1⁸1

91 534 173 592 terito
191 535 276 592 iratus
299 535 425 611 optavit;
452 554 510 611 quo
529 535 691 611 impetrato,
715 533 744 590 in
763 531 901 590 maximos
923 531 1019 591 luctus

91 624 163 682 cidit.
202 624 262 680 Nec
285 625 424 700 promissa
444 625 530 702 igitur
558 623 696 680 servanda
717 630 782 680 sunt
802 640 845 689 ea,
869 641 935 698 quae
964 622 1051 680 sicto

91 733 103 778 r,
118 713 214 788 quibus
237 713 405 789 promiseris,
421 714 544 770 inutilia:
566 731 619 770 nec
643 713 667 770 si
687 713 752 789 plus
772 712 823 769 tibi
843 731 877 770 ea
890 718 1018 778 noceant,

91 820 145 858 ram
158 801 194 858 illi
212 802 327 878 prosint,
343 803 389 860 cui
409 803 580 879 promiseris,
594 809 693 860 contra
713 802 836 860 officium
857 809 910 868 est,
925 802 1019 878 majus

91 891 191 967 iteponi
204 891 309 950 minori.
351 892 402 958 Ut,
418 892 441 948 si
454 892 632 949 constitueris
653 891 776 968 cuipiam
796 898 825 948 te
846 891 1018 948 advocatum
1032 895 1050 950 6

108 999 165 1037 rem
185 988 352 1058 praesentem
376 1000 437 1038 esse
463 990 624 1049 venturum,
646 989 733 1058 atque
758 981 870 1038 interim
893 981 1018 1059 graviter

91 1076 191 1145 grotare
213 1070 286 1128 filius
306 1071 433 1147 coeperit,
448 1089 505 1128 non
526 1071 564 1128 sit
585 1071 828 1138 contmofficium,
843 1071 1016 1138 nonfacere,

91 1159 133 1215 rod
153 1159 269 1226 dixeris;
289 1160 438 1237 magisque
458 1161 514 1227 ille,
535 1160 581 1217 cui
603 1161 773 1237 promissum
798 1160 842 1226 sit,
864 1160 902 1218 ab
926 1160 1018 1218 officio

91 1249 189 1314 scedat,
213 1249 237 1304 si
260 1267 291 1306 se
315 1249 484 1306 destitutum
510 1257 655 1325 queratur.
696 1249 764 1307 Jam
789 1249 844 1306 illis
872 1247 1048 1324 promissis'l

91 1336 188 1392 indum
208 1355 264 1393 non
283 1355 354 1403 esse,
370 1337 433 1412 quis
455 1356 512 1394 uon
529 1338 615 1404 videt,
629 1356 695 1414 quae
715 1345 831 1394 coactus
851 1338 914 1413 quis
927 1344 1016 1404 metu,

91 1443 122 1480 iae
149 1425 284 1501 deceptus
311 1425 378 1484 dolo
405 1426 585 1502 promiserit?
640 1427 711 1495 Qua
738 1427 855 1503 quidem
882 1425 1018 1503 pleraque

91 1532 116 1570 re
130 1514 259 1589 praetorio
272 1514 434 1582 liberantur,
449 1516 584 1572 nonnulla
597 1516 719 1594 legibus.

92 1603 224 1660 Existunt
243 1604 328 1661 etiam
350 1623 429 1681 saepe
449 1605 557 1682 injuria
579 1605 720 1662 calumnia
739 1604 864 1682 quadam
884 1611 914 1663 et
934 1603 1015 1662 nimis
1031 1611 1049 1663 8

91 1692 155 1749 llida
174 1693 225 1750 sed
245 1693 385 1752 malitiosa
410 1694 483 1770 juris
512 1695 751 1771 interpretatione.
792 1695 837 1752 Ex
856 1714 914 1772 quo
934 1694 1013 1762 illud,

91 1801 193 1838 mnium
198 1783 259 1856 jos,
273 1801 384 1840 summa
396 1784 512 1857 injurio,
527 1785 635 1842 factum
649 1790 693 1842 est
704 1784 765 1861 jam
779 1784 878 1842 tritum
889 1801 1017 1841 sermone

91 1871 241 1929 overbium.
283 1873 347 1941 Quo
368 1873 396 1930 in
409 1891 512 1951 genere
526 1874 611 1931 etiam
623 1873 652 1930 in
668 1893 699 1930 re
713 1873 827 1949 publica
841 1873 932 1930 multa
946 1891 1010 1949 pec·
1027 1877 1045 1930 9

91 1967 164 2016 ntur:
186 1968 220 2018 ut
239 1960 295 2030 ille,
309 1961 366 2038 qui,
382 1981 447 2020 cum
470 1962 585 2038 triginta
603 1963 714 2020 dierum
732 1971 826 2020 essent
846 1981 912 2020 cum
931 1961 1015 2018 hoste

91 2049 167 2108 lutiae
181 2050 278 2117 factae,
288 2058 376 2108 noctu
390 2051 581 2128 populabatur
601 2070 693 2129 agros,
706 2051 783 2127 quod
798 2051 907 2108 dierum
920 2057 1017 2108 essent

91 2146 153 2205 ctae,
168 2157 226 2195 non
239 2139 364 2197 noctium
378 2139 505 2198 indutiae.
541 2140 587 2196 Ne
601 2147 697 2196 noster
710 2139 825 2215 quidem
839 2139 1012 2215 probandus,
1033 2144 1071 2198 10

91 2245 186 2284 rerum
206 2235 258 2294 est,
274 2228 308 2296 Q.
330 2228 451 2286 Fabium
471 2229 633 2286 Labeonem
654 2247 706 2285 seu
725 2246 811 2303 quem
831 2229 918 2284 alium
932 2227 1014 2303 (nihil

93 2337 122 2374 m
136 2317 231 2374 babeo
252 2324 360 2393 praeter
372 2316 514 2394 auditum)
530 2317 666 2374 arbitrum
681 2316 798 2374 Nolanis
812 2323 841 2372 et
854 2315 1018 2392 Neapolita·

104 2406 141 2463 de
162 2405 266 2462 finibus
280 2424 297 2461 a
311 2413 412 2462 senatu
433 2405 542 2472 datum,
558 2423 623 2462 cum
642 2404 679 2461 ad
693 2404 789 2462 locum
808 2405 938 2472 venisset,
954 2423 1020 2462 cum

91 2495 175 2570 isque
190 2493 343 2570 separatim
362 2495 500 2560 locutum,
515 2513 550 2550 ne
565 2493 669 2569 cupide
689 2493 758 2569 quid
777 2501 903 2570 agerent,
918 2513 953 2552 ue
968 2513 1018 2571 ap·

91 2591 196 2650 zeutem
218 2590 306 2659 atque
319 2591 352 2640 ut
366 2583 487 2661 regredi,
499 2601 586 2659 qnam
597 2582 731 2660 progredi
743 2582 866 2640 mallent.
902 2583 938 2640 Id
953 2602 1019 2640 cum
1034 2588 1070 2642 ll

91 2673 160 2748 ique
194 2672 335 2738 fecissent,
356 2672 534 2748 aliquantum
561 2672 622 2750 agri
650 2672 678 2729 in
698 2672 793 2730 medio
813 2672 944 2730 relictum
963 2679 1016 2732 est.

92 2781 150 2836 que
170 2762 285 2818 illorum
315 2762 384 2820 fines
411 2762 460 2828 sic,
481 2770 514 2819 ut
537 2762 591 2840 ipsi
622 2761 760 2829 dixerant,
781 2761 958 2829 terminavit;
990 2762 1018 2820 iu

92 2851 140 2908 dio
170 2851 303 2910 relictum
331 2851 410 2927 quod
438 2858 515 2918 erat,
534 2852 643 2928 populo
674 2852 803 2908 Romano
834 2851 1018 2929 adjudicavit.

92 2940 189 3016 cipere
211 2941 266 2998 hoc
286 2941 402 3017 quidem
423 2947 475 3006 est,
490 2960 547 2998 non
564 2941 700 3018 judicare.
743 2941 882 3010 Quocirca
901 2940 1020 3000 inomni

91 3029 232 3107 fugienda
246 3037 290 3086 est
303 3030 367 3087 talis
381 3029 514 3088 sollertia.

91 3208 139 3264 XI.
162 3207 240 3264 Sunt
260 3214 356 3264 autem
375 3207 511 3283 quaedam
527 3206 617 3266 officia
637 3207 722 3266 etiam
736 3207 935 3276 ,aduersus
955 3227 1021 3268 eos

91 3296 199 3362 vande,
218 3315 236 3352 a
256 3297 399 3373 quibus
419 3296 606 3374 iujuriam
626 3299 838 3375 acceperis,
878 3299 931 3357 Est
944 3301 1019 3358 onim

92 3385 206 3442 isoendi
227 3393 257 3442 et
277 3385 412 3462 puniendi
431 3385 543 3444 modus.
598 3387 697 3464 Atque
718 3388 796 3445 haud
816 3389 875 3446 scio
895 3407 931 3446 an
951 3390 1020 3448 satis

114 3494 194 3541 eum,
218 3476 268 3551 qui
288 3475 448 3542 lacessierit,
469 3476 577 3552 injuria
598 3495 658 3534 suae
678 3478 833 3554 poenitere3
854 3486 887 3535 ut
907 3478 1017 3552 etipse

101 3565 175 3640 quid
197 3565 257 3622 tale
278 3565 407 3641 posthac,
429 3574 458 3622 et
479 3566 565 3622 ceteri
585 3567 640 3624 sint
660 3567 697 3624 ad
718 3567 849 3645 injuriam
870 3566 1018 3624 tardiores.

91 3672 148 3728 que
169 3653 201 3710 iu
221 3673 252 3710 re
273 3654 388 3730 publica
407 3655 531 3712 maxime
552 3657 744 3714 conservanda
764 3663 831 3714 sunt
857 3656 923 3732 jura
943 3653 1052 3714 belltn

91 3762 123 3801 m
146 3761 218 3801 oum
238 3743 295 3801 sint
315 3743 373 3801 duo
392 3761 498 3822 genere
519 3743 692 3812 decertandi,
706 3763 796 3803 unum
815 3763 869 3824 per
882 3742 1022 3822 discepta-

536 3831 575 3890 ι*
941 3825 948 3838 ‘
