2648 4288
132 301 171 356 tt
390 315 428 354 nn
444 313 571 354 canons
585 313 671 382 mana
684 313 704 354 1.
745 313 810 356 one.
826 314 891 354 xnv.

187 444 262 502 oium
285 443 372 502 studii
390 450 550 520 quaereret;
571 451 633 502 tum
654 444 765 510 dooere,
780 452 842 500 tum
857 442 965 502 discere
978 443 1072 511 vellet,
1086 447 1163 501 tum

134 540 170 592 12
185 534 292 601 audire,
308 542 370 592 tum
384 533 485 592 dicere.
528 533 605 612 Ergo
620 552 703 592 omne
724 534 855 600 officium,
870 533 949 611 qnod
962 533 1001 590 ad
1015 533 1161 611 conjunc-

185 624 291 682 tionem
311 623 458 681 hominum
477 631 508 681 et
527 624 564 680 ad
586 624 750 682 societatem
771 623 907 680 tuendam
928 623 1010 690 valet,
1032 631 1159 699 antepo-
1322 684 1323 699 p

183 714 311 772 nendum
324 713 420 772 catilli
434 713 621 790 officio,qnod
635 713 795 792 cognitione
808 720 838 770 et
851 713 967 770 scientia
981 712 1159 772 continetur.
1199 715 1204 720 ’
1315 722 1320 735 “

223 983 312 1042 XLV.
329 983 406 1040 Illud
420 982 535 1040 forsitan
547 981 732 1060 quaerendum
744 983 868 1050 situum
879 982 942 1039 haec
953 981 1156 1048 communitae,

183 1092 249 1149 quae
272 1073 394 1132 maxime
418 1081 462 1130 est
481 1081 550 1150 apta
570 1083 687 1140 naturae,
710 1072 853 1131 sitellam
879 1071 1066 1130 moderationi
1089 1090 1156 1128 mo-

150 1163 341 1240 2destiaeque
363 1182 476 1240 semper
497 1162 704 1240 anteponenda.
746 1162 813 1218 Non
836 1162 939 1238 placet.
981 1161 1055 1218 Sunt
1076 1161 1156 1219 enim

182 1254 317 1331 quaedam
342 1254 445 1331 partim
469 1253 508 1310 ite
532 1253 620 1318 foeda,
647 1251 751 1329 partim
774 1251 814 1308 ita
837 1251 986 1329 flagitiosa,
1009 1258 1096 1308 ntea
1116 1271 1156 1309 ne
1199 1309 1202 1312 .

183 1343 384 1402 conservandae
397 1342 512 1419 quidem
528 1342 626 1418 patriae
648 1360 734 1399 cause
755 1341 866 1418 sapiens
880 1341 1008 1399 facturus
1023 1340 1066 1398 sit.
1109 1342 1155 1400 Ea

182 1433 351 1490 Posidonius
376 1433 490 1510 collegit
514 1431 664 1508 permulta,
691 1431 741 1488 sed
766 1431 807 1488 ita
831 1438 917 1489 taetra
945 1431 1087 1506 quaedam,
1112 1431 1155 1489 ita

150 1528 167 1580 8
183 1523 327 1588 obseoena,
340 1529 373 1580 nt
383 1522 462 1580 dictu
473 1541 586 1598 quoque
598 1521 748 1578 videantur
762 1522 864 1598 turpia.
906 1521 985 1580 Haec.
995 1521 1083 1598 igitur
1095 1541 1154 1580 non

183 1612 317 1687 suscipiet
339 1611 378 1668 rei
401 1611 524 1688 publice
546 1629 632 1668 cansa
643 1631 650 1678 ;
671 1630 707 1668 ne
727 1631 773 1668 res
794 1611 910 1687 publica
923 1611 1039 1688 quidem
1054 1631 1106 1688 pro
1122 1631 1154 1670 se

150 1706 169 1758 4
183 1701 288 1777 suscipi
301 1701 386 1758 volet.
430 1700 488 1758 Sed
503 1701 567 1760 haee
589 1701 765 1758 commodius
779 1720 810 1758 se
825 1720 870 1758 res
885 1701 982 1767 habet,
998 1701 1074 1778 qnod
1095 1721 1155 1760 non

183 1797 279 1867 potest
293 1789 421 1848 accidere
435 1797 559 1867 tempus,
575 1799 607 1847 ut
621 1790 731 1849 intersit
745 1791 785 1848 rei
805 1791 936 1867 publicae,
952 1790 1105 1866 quicquam
1120 1792 1154 1848 il·

151 1888 168 1940 5
188 1881 281 1938 lorum
296 1881 390 1938 facere
403 1880 569 1957 sapientem.
612 1881 706 1948 Quare
720 1881 774 1938 hoc
789 1880 904 1956 quidem
918 1880 1051 1937 effectum
1064 1879 1109 1947 sit,
1124 1881 1155 1938 iu

183 1970 280 2026 officiis
294 1969 450 2048 deligendis
464 1970 494 2027 id
507 1989 598 2048 genus
620 1969 775 2027 officiorum
796 1969 942 2036 excellere,
958 1969 1035 2046 quod
1056 1977 1154 2028 tenea-

150 2065 168 2117 6
183 2066 230 2118 tur
243 2060 389 2116 hominum
403 2061 546 2118 societate.
578 2059 693 2116 Etenim
708 2059 899 2137 cognitionem
913 2059 1154 2135 prudentiamque

183 2150 310 2226 seqnitur
321 2150 499 2208 considerate
510 2149 593 2206 actio.
626 2150 673 2206 Ita
684 2149 724 2215 fit,
736 2158 770 2206 ut
779 2167 864 2226 agere
876 2149 1052 2206 considerate
1064 2149 1153 2226 pluris

151 2238 167 2297 7
183 2239 229 2307 ait,
241 2259 327 2316 qnam
342 2241 469 2317 cogitare
485 2239 647 2316 prudenter.
683 2239 782 2314 Atque
797 2239 858 2296 haec
873 2238 988 2314 quidem
1003 2239 1151 2298 hactenus.

182 2329 348 2387 Patefactus
369 2338 413 2386 est
434 2329 507 2386 enim
528 2329 607 2386 locus
628 2328 697 2404 ipse,
713 2335 815 2389 utnon
836 2329 872 2386 sit
887 2329 999 2386 difficile
1012 2329 1041 2385 in
1055 2329 1151 2405 exqui·

151 2419 272 2476 8rendo
296 2419 394 2486 officio,
420 2419 489 2495 quid
513 2419 614 2496 cuique
642 2418 679 2476 sit
710 2418 945 2495 praeponendum,
971 2419 1075 2476 videre.
1117 2419 1152 2476 In

182 2508 244 2584 ipse
258 2517 354 2566 autem
369 2507 571 2566 communitate
586 2515 653 2566 sunt
673 2507 780 2585 gradus
791 2508 967 2566 officior-um:
989 2527 1025 2565 ex
1039 2508 1150 2584 quibus,

182 2598 251 2674 quid
266 2599 367 2675 cuique
381 2605 508 2674 praestet,
523 2597 642 2674 intelligi
656 2598 761 2675 possit:
782 2606 815 2655 ut
829 2598 919 2675 prima
933 2597 987 2656 diis
1008 2597 1149 2664 immorta-

183 2688 265 2754 libus,
281 2687 406 2744 secnnda
428 2687 537 2763 pntriae,
559 2688 642 2744 tertia
664 2688 838 2763 parentibna,
854 2687 987 2764 deinceps
1008 2686 1150 2764 gradatim
1216 2709 1220 2713 ·

151 2783 168 2836 9
183 2776 296 2852 reliquia
311 2775 477 2833 debeantur.
521 2776 632 2844 Quibus
646 2795 681 2832 ex
695 2778 781 2834 rebus
796 2777 917 2835 breviter
938 2776 1092 2854 disputetis
1109 2777 1150 2834 in·

183 2865 273 2943 telligi
288 2871 392 2942 potest,
409 2884 464 2922 non
485 2866 577 2922 solum
597 2866 628 2922 id
648 2866 776 2923 homines
798 2867 887 2924 solere
910 2867 1050 2933 dubitare,
1065 2867 1149 2926 hone·

184 2963 305 3024 stumne,
320 2975 356 3012 an
370 2962 454 3033 turpe
468 2955 521 3013 sit:
543 2955 593 3012 sed
615 2955 709 3022 etiam,
725 2955 839 3014 duobus
853 2955 1003 3034 propositis
1017 2956 1150 3038 honestis,

133 3050 281 3104 launum
303 3046 457 3104 honestius.
500 3045 554 3102 Hic
577 3046 658 3103 locus
678 3064 696 3101 a
715 3045 843 3108 Panaetio
857 3053 910 3113 est,
924 3054 958 3104 ut
977 3063 1064 3123 supra
1086 3045 1148 3115 dixi.

185 3135 406 3213 praetermissus.
449 3135 508 3194 Sed
521 3136 582 3214 jam
596 3135 634 3193 ad
649 3135 758 3212 reliqua
772 3153 938 3214 pergamus.
