2648 4288
155 289 193 344 aa
568 302 605 340 nn
621 299 747 340 curione

174 435 192 488 6
246 429 465 508 Intelligendum
489 437 533 488 est
560 437 664 497 autem,
694 447 760 488 cum
795 429 941 506 proposita
974 427 1031 488 sint
1063 447 1172 506 genera

206 528 348 596 quattuor,
364 520 516 597 exquibus
536 521 670 578 honestas
693 519 871 595 officiumque
892 528 1028 586 manaret,
1043 518 1168 596 splendi-

206 610 455 676 dissimumvideri,
468 609 545 686 quod
559 609 680 669 animo
700 626 833 686 magno
852 608 1033 684 elatoque
1048 609 1167 666 human-

173 699 190 757 't
206 717 293 775 asque
307 718 352 758 res
366 699 536 775 despiciente
557 699 664 756 factum
679 697 722 754 sit.
765 699 867 774 Itaque
880 698 909 754 in
922 698 1031 774 probris
1045 697 1168 756 maxime

203 789 232 846 in
246 796 381 866 promptu
394 795 446 855 est,
461 788 484 846 si
497 788 565 864 quid
579 788 635 844 tale
649 787 704 844 dici
718 795 828 863 potest:

295 919 349 983 Ver
361 924 466 987 etenim,
474 923 595 995 juvmes,
610 921 736 977 enimam
746 921 843 994 peritis
855 919 1023 987 muliebrem,

291 1011 309 1069 I
308 1013 347 1069 tta
361 1013 456 1084 circeo
469 1011 532 1070 uiri.

202 1145 241 1204 Et
254 1145 277 1204 si
290 1145 358 1224 quid
372 1143 525 1222 ejusmodi:

292 1279 426 1345 Salmaci,
443 1278 480 1332 do
494 1277 591 1351 spolie,
606 1277 664 1333 siae
676 1276 775 1333 sedere
787 1284 812 1333 et
826 1277 966 1350 seneciae.

172 1418 189 1470 8
205 1411 367 1488 Contraque
389 1411 417 1468 in
439 1409 579 1476 laudibus,
594 1428 660 1485 quae
680 1427 784 1486 magno
798 1409 889 1466 auimo
903 1409 1013 1468 fortiter
1026 1411 1166 1470 excelleu-

204 1508 303 1576 terque
327 1507 409 1576 gesta
432 1505 506 1564 sunt,
528 1516 562 1554 ea
584 1498 677 1554 nescio
701 1498 843 1575 quomodo
867 1499 946 1576 quasi
969 1500 1092 1575 pleniore
1116 1521 1167 1560 ore

172 1595 189 1649 9
204 1588 361 1647 laudamus.
404 1586 477 1643 Hinc
491 1587 637 1644 rhetorum
652 1605 769 1663 campus
781 1588 816 1644 de
827 1588 1001 1655 Marathone,
1014 1589 1167 1660 Salamine,

203 1677 330 1743 Plataeis,
354 1676 560 1752 Thermopylis,
583 1677 726 1734 Leuctris:
756 1677 821 1734 hinc
849 1683 943 1734 noster
967 1678 1076 1745 Ocalea,
1099 1680 1167 1738 hinc

204 1767 292 1833 Decii,
307 1766 371 1822 hinc
388 1766 496 1822 Gnaeus
517 1774 546 1822 et
566 1766 684 1823 Publius
699 1766 852 1844 Scipiones,
868 1767 932 1824 hinc
948 1767 987 1824 M.
1003 1768 1165 1837 Marcellus

204 1856 418 1914 innumerabiles
433 1855 495 1911 alii:
518 1856 693 1932 maximeque
707 1856 768 1932 ipse
782 1857 905 1932 populus
917 1859 1061 1916 Romanus
1080 1860 1167 1918 animi

204 1945 396 2024 magnitudine
408 1945 525 2002 excellit.
556 1945 722 2002 Declaratur
732 1953 827 2002 autem
842 1946 967 2004 studium
978 1948 1086 2007 bellicae
1101 1949 1164 2027 glo·

204 2036 261 2104 n'ae,
278 2035 354 2113 quod
369 2043 476 2092 statuas
490 2054 601 2112 quoquc
616 2035 743 2092 videmus
757 2045 859 2093 ornatu
872 2035 930 2094 fere
944 2037 1062 2096 militari.

243 2216 322 2298 XIX.
345 2215 403 2273 Sed
418 2233 451 2272 ea
465 2214 549 2272 animi
560 2213 651 2280 elatio,
661 2233 726 2290 quae
737 2215 859 2272 cernitur
868 2215 896 2271 in
906 2215 1036 2292 periculis
1047 2224 1076 2275 et
1084 2217 1163 2276 labo-

204 2307 290 2374 ribus,
306 2306 329 2364 si
348 2305 457 2383 justitia
471 2312 561 2371 vacat,
577 2312 742 2382 pugnatque
764 2323 820 2360 non
840 2323 892 2382 pro
906 2306 997 2362 salute
1012 2309 1163 2376 communi,

205 2398 256 2455 sed
281 2415 333 2474 pro
354 2395 412 2453 suis
437 2393 599 2460 commodis,
613 2394 642 2450 in
662 2394 728 2450 vitio
749 2401 801 2451 est.
843 2395 909 2451 Non
932 2395 1005 2452 enim
1026 2397 1111 2454 modo
1133 2398 1164 2455 id

205 2486 314 2544 virtutis
328 2505 383 2542 non
398 2491 449 2550 est,
465 2483 515 2540 sed
536 2491 580 2540 est
599 2483 693 2560 potius
707 2483 894 2550 immanitatis,
909 2503 1022 2542 omnem
1035 2485 1163 2544 humani·

173 2583 191 2634 2
205 2583 293 2634 tatem
302 2572 470 2651 repellentis
512 2573 613 2649 Itaque
628 2573 719 2648 probe
730 2571 861 2630 definitur
874 2592 891 2629 a
902 2573 1003 2632 Stoicis
1016 2575 1164 2646 fortitude,

205 2684 269 2722 cum
283 2683 345 2720 eam
359 2662 492 2719 virtutem
513 2679 575 2718 esse
596 2661 693 2718 dieunt
713 2669 941 2739 propugnantem
956 2683 1007 2741 pro
1022 2665 1164 2742 aequitate.

172 2761 189 2812 3
205 2753 343 2821 Quocirca
363 2769 454 2817 nemo,
475 2751 523 2826 qui
536 2751 707 2808 fortitudinis
726 2751 845 2830 gloriam
861 2762 1028 2810 consecutus
1042 2762 1086 2812 est
1098 2755 1164 2812 insi·

205 2842 257 2903 diis
278 2849 307 2898 et
327 2839 440 2907 malitia,
461 2839 574 2896 laudem
594 2848 638 2897 est
662 2841 791 2918 adeptus.
833 2842 911 2899 Nihil
931 2841 1081 2901 honestum
1101 2863 1165 2902 esse

172 2935 191 2990 4
206 2937 309 3010 potest,
318 2930 394 3008 quod
406 2929 516 3008 justitia
526 2937 617 2988 vacat.
657 2931 830 2988 Praeclarum
844 2931 931 3009 igitur
944 2931 1013 2988 illud
1027 2933 1164 2992 Platonis.

205 3021 271 3078 Non
299 3021 399 3089 solum,
423 3020 521 3098 lnquit,
543 3019 667 3087 scientia,
692 3039 757 3096 quae
782 3027 826 3078 est
852 3029 962 3078 remota
982 3021 1018 3079 ab
1044 3022 1163 3098 justitia,

205 3111 342 3168 calliditas
356 3110 457 3186 potius,
469 3129 554 3187 quam
568 3110 704 3186 sapientia
714 3118 757 3168 cst
771 3110 955 3188 appellanda:
971 3113 1178 3170 verumetiam.

205 3200 314 3257 animus
329 3207 444 3276 paratus
458 3200 495 3256 ad
514 3201 678 3277 periculum,
695 3201 717 3258 si
731 3220 782 3258 sua
797 3200 959 3278 cupiditate,
974 3219 1029 3257 uon
1043 3201 1164 3260 utilitate

205 3289 347 3346 communi
369 3289 531 3365 impellitur,
546 3290 672 3347 audaciae
698 3291 791 3368 potius
816 3309 920 3348 nomen
943 3290 1056 3357 habeat,
1078 3310 1164 3367 quam

172 3387 189 3438 ὅ
204 3378 384 3436 fortitudinis.
407 3379 508 3455 Itaque
517 3379 590 3436 viros
605 3381 692 3437 fortes
704 3387 732 3436 et
743 3380 936 3456 magnanimos
947 3378 1063 3436 eosdem
1074 3380 1164 3438 bonos

205 3475 234 3526 et
254 3467 404 3546 simplices,
419 3468 543 3525 veritatis
564 3469 668 3526 amicos
688 3469 855 3545 minimeque
876 3469 990 3526 fallaces
1008 3487 1071 3527 esse
1084 3469 1163 3529 volu·

173 3563 190 3616 6
204 3576 285 3616 mus:
306 3577 371 3635 quae
387 3564 452 3614 sunt
462 3576 497 3615 ex
511 3558 603 3614 media
617 3558 707 3616 laude
713 3558 839 3635 justitia.
882 3559 939 3616 Sed
953 3561 1023 3618 illud
1034 3560 1164 3617 odiosum

205 3653 257 3718 est,
271 3647 348 3740 quod
362 3647 391 3704 in
404 3647 457 3705 hac
472 3647 590 3720 elatione
605 3656 634 3705 et
647 3647 839 3726 magnitudine
853 3649 936 3706 animi
955 3649 1086 3707 facillime
1100 3665 1163 3726 per·
