2648 4288
98 255 103 266 ⁵
158 283 198 342 68
572 295 612 336 nr
632 295 760 336 ormena

210 428 334 493 1111111111,
345 434 455 484 uteum
468 426 708 484 admiratione
722 424 869 482 hominum
882 423 989 481 honore
1003 421 1084 481 abiis
1099 423 1184 502 digni

178 524 196 576 e
208 518 408 596 judicaremur.
449 516 637 573 Admirantur
667 516 754 593 igitur
780 515 968 572 communiter
993 514 1032 572 illi
1059 514 1183 590 quidem

212 608 312 674 omnia,
327 625 392 683 quae
405 625 516 684 magna,
531 614 561 663 et
574 612 678 681 praeter
692 605 849 682 opinionem
869 623 950 661 suam
971 603 1168 661 animadverte

210 705 292 754 runt:
314 697 465 772 separatim
479 703 575 752 autem
590 696 618 751 in
632 695 757 772 singulis,
773 695 797 751 si
811 694 985 770 perspiciunt
1006 693 1182 770 necopinata

180 786 196 846 l
211 786 342 863 quaedam
357 787 438 844 bona.
471 786 572 860 Itaque
587 803 635 842 eos
650 785 724 841 viros
737 784 901 860 suspiciunt,
912 783 1097 860 maximisque
1109 784 1180 841 effe-

211 875 432 942 runtlaudibus,
447 875 592 952 inquibus
614 873 775 931 existimant
796 892 826 930 se
846 874 1016 931 excellentes
1036 873 1181 950 quasdam

180 971 197 1025 8
213 973 242 1022 et
253 965 408 1042 singulares
420 965 579 1041 perspicere
587 963 720 1021 virtutes:
737 963 896 1039 despiciunt
904 971 1000 1020 autem
1011 982 1059 1020 eos
1070 971 1099 1020 et
1110 983 1179 1022 con-

211 1062 350 1121 temnunt,
364 1054 393 1110 in
407 1053 509 1130 quibus
529 1053 597 1110 nihil
611 1053 731 1120 virtutis,
746 1050 814 1110 nihil
835 1053 928 1120 animi,
942 1053 1011 1110 nihil
1024 1073 1180 1112 nervorum

212 1151 323 1223 putant.
364 1145 431 1201 Non
452 1145 525 1201 enim
548 1161 645 1200 omnes
667 1161 715 1200 eos
729 1149 920 1209 contemnunt,
935 1143 971 1199 de
986 1143 1088 1218 quibus
1102 1143 1180 1201 male

180 1241 197 1294 9
213 1235 379 1293 existimant.
409 1233 483 1290 Nam
495 1253 565 1310 quos
579 1233 732 1309 improbos,
743 1232 903 1300 maledicos,
915 1233 1108 1290 fraudulentos
1124 1253 1179 1310 pu-

212 1333 282 1393 tant,
304 1331 333 1382 et
353 1324 390 1381 ad
411 1323 569 1381 faciendam
590 1323 720 1401 injuriam
740 1323 899 1389 instructos,
921 1341 969 1379 eos
994 1329 1180 1380 contemnunt

161 1421 198 1474 10
213 1416 326 1492 quidem
341 1415 512 1489 neutiquam,
522 1414 572 1470 sed
587 1413 622 1470 de
638 1413 679 1470 his
694 1413 766 1470 male
780 1413 948 1470 existimant.
978 1413 1178 1482 Quamobrem,

213 1513 246 1560 ut
267 1512 332 1560 ante
353 1504 418 1569 dixi,
435 1511 653 1560 contemnuntur
665 1502 693 1568 ii,
708 1503 757 1578 qui
770 1521 822 1559 neo
836 1503 898 1570 sibi,
913 1521 965 1560 nee
985 1503 1075 1570 alteri,
1090 1511 1122 1560 ut
1136 1503 1178 1560 di-

184 1593 189 1603 “
213 1593 302 1659 eitur;
323 1593 350 1648 in
365 1591 468 1668 quibus
481 1592 575 1648 nullus
589 1593 678 1659 labor,
694 1592 772 1649 nulla
791 1593 935 1659 industria,
951 1593 1028 1649 nulla
1044 1612 1111 1650 eura
1125 1599 1177 1650 est.

213 1681 409 1738 Admiratione
433 1689 528 1738 autem
552 1681 711 1738 afficiuntur
732 1683 758 1749 ii,
774 1683 821 1758 qui
842 1680 947 1740 anteire
961 1683 1060 1740 ceteris
1074 1683 1179 1742 virtute

213 1779 358 1849 putantur,
373 1776 403 1826 et
423 1789 488 1827 oum
510 1771 586 1828 omni
607 1791 702 1829 carere
724 1772 871 1839 dedeoore,
887 1778 949 1829 tum
963 1791 1030 1830 vero
1050 1773 1082 1830 iis
1096 1773 1178 1841 vitiis,

162 1868 197 1921 11
214 1862 316 1938 quibus
330 1861 375 1918 alii
388 1880 443 1917 non
458 1860 539 1918 facile
554 1869 673 1938 possunt
688 1862 831 1920 obsistere.
874 1861 949 1919 Nam
964 1869 994 1919 et
1007 1863 1177 1940 voluptates,

214 1951 404 2010 blandissima
426 1950 556 2018 dominae,
571 1951 685 2028 majoris
706 1952 794 2028 partis
816 1951 922 2009 animos
937 1971 954 2008 a
967 1951 1071 2008 virtute
1086 1952 1179 2009 detor-

214 2048 320 2118 quent;
342 2049 371 2098 et
393 2041 522 2098 dolorum
545 2059 610 2098 cum
631 2042 818 2098 admoventur
837 2041 922 2108 faces,
938 2047 1044 2118 praeter
1063 2041 1180 2099 modum

163 2138 199 2192 12
215 2132 340 2210 plerique
355 2138 538 2188 exterrentur.
581 2131 656 2196 Vita,
674 2150 758 2195 mors,
774 2130 888 2197 divitiae,
904 2137 1067 2208 paupertas,
1083 2150 1180 2188 omnes

164 2228 198 2282 le
215 2223 340 2280 homines
354 2220 597 2278 vehementissime
618 2227 792 2296 permovent.
835 2221 907 2288 Quae
927 2221 976 2296 qui
989 2221 1017 2277 in
1032 2227 1180 2297 utramque

215 2320 324 2389 partem
347 2310 458 2367 excelso
481 2310 574 2366 animo
593 2327 753 2386 magnoque
768 2309 935 2386 despiciunt,
951 2329 1015 2367 oum
1030 2311 1123 2387 aliqua
1137 2311 1180 2368 his

214 2402 309 2479 ampla
323 2408 352 2457 et
365 2401 484 2456 honesta
498 2419 543 2456 res
558 2400 671 2476 objecta
686 2406 737 2464 est,
753 2405 828 2456 totos
843 2399 879 2456 ad
899 2419 928 2456 se
943 2400 1080 2456 convertit
1094 2407 1123 2457 et
1136 2419 1180 2456 ra·

215 2491 264 2568 pit.
302 2490 374 2546 Tum
385 2489 447 2564 quis
458 2507 513 2544 non
524 2488 678 2545 admiretur
692 2488 872 2564 splendorem
886 2489 1181 2566 pulchritudinemque

215 2579 348 2637 virtutis?
382 2577 432 2636 Xl.
444 2579 521 2656 Ergo
534 2585 563 2634 11
574 2579 636 2634 haeo
647 2577 731 2634 animi
741 2577 924 2654 despicientia
935 2570 1180 2656 admirabilitatem

215 2687 350 2745 maguam
373 2668 458 2724 facit:
480 2673 509 2723 et
531 2667 651 2723 maxime
671 2667 788 2745 justitia,
811 2686 847 2724 ex
867 2687 923 2744 qua
943 2687 999 2725 una
1014 2668 1117 2726 virtute
1131 2667 1181 2726 viri

216 2757 281 2815 boni
295 2757 483 2834 appellantur,
499 2756 615 2813 mirifica
636 2757 771 2832 quaedam
791 2757 965 2814 multitudini
979 2757 1107 2814 videtur:
1129 2777 1179 2815 neo

184 2846 324 2925 tinjuria.
367 2845 461 2903 Nemo
485 2843 558 2902 enim
582 2845 677 2923 justus
703 2865 764 2904 esse
786 2854 890 2924 potest,
911 2847 960 2924 qui
983 2854 1112 2914 mortem,
1133 2845 1181 2923 qui

184 2985 191 3002 .
217 2937 351 3004 dolorem,
368 2935 416 3013 qui
436 2935 558 3004 exilium,
574 2935 621 3012 qui
642 2943 799 3014 egestatem
820 2936 909 3003 timet,
927 2943 977 2994 1111
997 2937 1100 3013 quiea,
1116 2956 1179 3013 quae

184 3033 283 3085 3111111
306 3026 350 3083 his
376 3025 523 3094 contraria,
547 3026 673 3102 aequitati
694 3025 849 3103 anteponit.
892 3025 1071 3104 Maximeque
1093 3025 1179 3083 admi·

216 3123 316 3174 rantur
340 3135 415 3183 eum,
440 3117 488 3192 qui
512 3116 632 3193 pecunia
655 3135 712 3172 non
732 3123 879 3182 movetur;
900 3116 977 3192 quod
998 3116 1026 3172 in
1046 3135 1103 3193 quo
1123 3115 1181 3174 viro

217 3211 400 3283 perspectum
415 3205 459 3272 sit,
474 3206 550 3263 huno
564 3205 623 3283 igni
637 3213 799 3282 spectatum
813 3205 993 3264 arbitrantur.

185 3301 204 3354 4
254 3296 357 3370 Itaque
371 3294 418 3351 1111
427 3295 490 3361 1111,
500 3313 565 3370 quae
580 3295 726 3372 proposita
740 3294 853 3351 suntad
867 3295 995 3373 gloriam,
1005 3293 1099 3352 omnia
1110 3293 1122 3372 j
1130 3313 1180 3352 us·

219 3384 313 3443 titia
333 3384 463 3441 oonfioit:
487 3391 516 3441 et
537 3384 763 3452 benivolentiam,
785 3384 862 3462 quod
883 3384 1019 3463 prodesse
1038 3384 1101 3442 vult
1121 3383 1180 3462 plu·

217 3475 294 3533 rimis
306 3495 313 3542 ;
335 3481 364 3532 et
378 3475 415 3532 ob
430 3474 550 3532 eandem
564 3493 679 3532 oausam
693 3474 797 3540 fidem;
819 3481 849 3531 et
869 3473 1092 3541 admirationem,
1107 3471 1181 3550 quod

219 3583 267 3622 eas
281 3583 326 3622 res
340 3564 448 3642 spernit
462 3572 492 3622 et
505 3563 631 3642 negligit,
642 3563 678 3620 ad
693 3582 763 3639 quas
778 3563 905 3640 plerique
919 3563 1085 3622 inflammati
1098 3561 1181 3620 avidi·

184 3659 280 3714 11111
293 3654 449 3732 rapiuntur.
489 3653 536 3712 Ae
550 3671 614 3710 mea
628 3652 742 3729 qnidam
755 3652 895 3710 sententia
908 3653 999 3710 omnis
1012 3652 1085 3710 ratio
1098 3657 1181 3730 atquo
