2648 4288
425 315 510 356 amun
523 317 542 356 1.
584 317 651 358 cnr.
667 317 713 356 xx.
1039 299 1077 362 27

90 443 173 502 inscia
190 450 218 502 et
235 443 319 504 nimia
340 445 479 522 cupiditas
501 445 675 524 principatus
687 446 848 504 innascitur.
889 445 931 504 Ut
952 446 1057 506 enim'l

90 533 151 608 apud
172 534 317 592 Platonem
339 543 391 601 est,
418 554 529 592 omnem
553 555 660 593 morem
685 536 964 594 Lacedaemoniorum
984 537 1024 593 in·

90 623 241 680 lemmatum
262 642 322 680 esse
343 624 498 700 cupiditate
519 625 664 682 vincendi:
686 623 734 691 sic,
756 632 789 683 ιιι
808 626 926 702 quisque
940 626 1024 684 animi

90 713 255 789 segnitudine
289 713 409 770 maxime
433 714 552 781 excellit,
580 714 620 770 ita
649 715 771 772 maxime
798 715 860 772 vult
893 715 1023 792 princeps

90 803 189 860 ›mmum
209 802 254 860 vel
278 803 373 879 potius
397 803 473 860 solus
498 821 567 860 esse.
619 803 737 860 Difficile
761 811 857 861 autem
884 811 936 871 est,
958 811 1055 864 eumd

90 899 202 951 ›raestare
223 892 352 949 omnibus
373 892 554 970 concupieris,
576 911 688 950 servare
709 893 879 968 nequitatem,
895 912 960 970 quoe
979 900 1024 952 est

90 980 181 1038 rstitiae
193 981 313 1038 maxime
328 981 450 1058 propria.
491 981 535 1038 Ex
545 1000 602 1057 quo
616 981 656 1048 fit,
668 988 701 1039 ut
715 1001 806 1058 neque
820 982 1022 1059 disceptatione
1037 988 1054 1041 9

89 1069 139 1126 inci
158 1088 187 1126 se
206 1089 258 1126 nec
276 1070 335 1126 ullo
356 1070 470 1145 publico
490 1088 523 1127 ao
547 1070 673 1148 legitimo
691 1071 755 1147 jure
775 1072 935 1148 patiantur:
965 1073 1021 1130 exi-

90 1166 198 1234 ·,untque
217 1158 246 1214 in
264 1176 294 1214 re
313 1158 427 1234 publica
448 1159 614 1234 plerumque
635 1160 783 1236 largitores
801 1167 831 1216 et
852 1161 968 1228 factiosi,
989 1168 1024 1220 ut

90 1266 136 1324 pes
150 1265 232 1322 quam
252 1247 389 1302 maximas
403 1255 617 1321 consequantur,
632 1255 661 1304 et
681 1249 736 1305 sint
749 1249 777 1306 vi
790 1250 884 1324 potius
899 1251 1022 1325 superio-

90 1355 119 1401 ιε,
131 1354 214 1411 quam
224 1335 333 1411 justitia
346 1353 437 1410 pares.
479 1333 538 1392 Sed
551 1354 608 1411 quo
622 1335 767 1403 difficilius,
782 1338 837 1394 hoc
851 1339 1021 1414 praeclarius.
1039 1345 1075 1398 10

90 1424 184 1480 'ullum
195 1424 268 1481 enim
282 1429 326 1481 est
340 1431 461 1500 tempus
471 1424 547 1500 quod
558 1425 669 1500 justitia
678 1445 778 1484 vacare
790 1426 901 1486 debeat.
923 1427 1022 1486 Fortes
1039 1435 1073 1489 11

90 1514 149 1584 lius
169 1519 198 1570 et
218 1512 389 1590 magnanimi
408 1521 474 1570 sunt
495 1513 627 1582 habendi,
642 1533 699 1572 non
713 1515 760 1593 qui
779 1516 895 1584 faciunt,
911 1518 962 1575 sed
975 1519 1024 1594 qui

90 1603 230 1679 repulsant
240 1602 378 1678 injuriam.
408 1602 485 1659 Vera
495 1610 590 1660 autem
601 1611 631 1660 et
641 1605 752 1681 sapiens
763 1605 847 1662 animi
857 1607 1023 1684 magnitudo

90 1701 212 1750 mestum
233 1691 312 1758 illud,
327 1691 404 1766 quod
425 1692 545 1749 maxime
560 1699 661 1750 natura
681 1695 815 1770 sequitur,
832 1695 860 1752 in
873 1695 955 1754 factis
970 1716 1021 1775 po-

90 1790 156 1850 tum,
171 1800 228 1838 non
248 1780 277 1838 in
297 1781 387 1858 gloria
405 1781 523 1858 judicat,
538 1782 749 1860 principemque
770 1802 801 1840 se
822 1803 884 1842 esse
903 1786 1021 1854 mavult,

90 1890 146 1928 ram
166 1870 262 1928 videri.
304 1869 416 1926 Etenim
436 1871 484 1947 qui
504 1889 539 1928 ex
563 1890 656 1928 errore
675 1872 814 1949 imperitae
836 1875 1022 1932 multitudinis
1038 1881 1073 1932 12

90 1961 178 2027 andet,
190 1960 236 2017 hic
249 1959 279 2016 in
292 1959 402 2036 magnis
413 1960 478 2016 uiris
492 1980 548 2017 non
562 1968 605 2018 est
619 1961 776 2020 habendus.
819 1961 961 2022 Facillime
972 1983 1021 2022 au·
1038 1971 1073 2022 13

91 2070 119 2106 m
139 2049 177 2106 ad
196 2067 241 2106 rcs
259 2049 377 2124 injustas
397 2049 558 2126 impellitur,
580 2057 612 2106 ιιι
633 2051 751 2127 quisque
773 2051 909 2109 altissimo
928 2053 1021 2110 animo

92 2147 112 2206 t,
134 2139 234 2217 gloriae
254 2138 417 2216 cupiditate.
460 2138 516 2206 Qui
535 2138 615 2196 locus
636 2146 679 2196 est
700 2157 766 2196 sene
787 2140 919 2206 lubricus,
945 2141 1022 2217 quod

90 2251 105 2285 x
118 2229 269 2294 invenitur,
281 2228 337 2303 qui,
352 2227 497 2286 laboribus
512 2223 650 2306 susceptis
665 2227 851 2304 periculisque
864 2229 955 2296 aditis,
966 2248 1022 2288 non

90 2319 139 2376 rasi
153 2318 315 2376 mercedem
328 2336 422 2374 rerum
436 2325 582 2394 gestarum
594 2305 739 2375 desideret
750 2318 876 2394 gloriam.

1093 2115 1115 2144 Ν

96 2500 161 2556 XX.
185 2496 306 2556 Omnino
316 2495 395 2552 fortis
403 2495 511 2552 animus
522 2503 551 2552 et
561 2514 681 2573 magnus
690 2495 800 2560 duabus
811 2497 894 2556 rebus
903 2497 1023 2556 maxime

91 2589 200 2645 rnitur:
224 2605 344 2664 quarum
359 2603 415 2642 una
429 2585 457 2642 in
470 2604 564 2642 rerum
578 2593 756 2644 extensarum
776 2587 957 2663 despicientia
972 2607 1022 2664 po-

90 2689 141 2745 tur‚
165 2697 233 2734 cum
257 2694 422 2754 persuasum
445 2675 489 2742 sit,
511 2675 579 2732 nihil
599 2675 749 2743 hominem,
764 2676 815 2734 nisi
837 2677 914 2753 quod
935 2678 1023 2734 hone·

90 2788 134 2824 nm
148 2767 342 2842 decorumque
363 2765 406 2831 sit,
422 2772 472 2822 aut
493 2765 624 2823 admirari
643 2774 694 2823 aut
713 2774 811 2843 optare
825 2774 875 2823 aut
889 2776 1023 2843 expetere

90 2867 200 2923 tortere,
216 2855 341 2930 nullique
365 2873 456 2930 neque
476 2854 582 2912 homini
602 2874 693 2932 neque
716 2857 919 2932 perturbationi
939 2855 1024 2913 animi

92 2967 107 3002 c
123 2946 250 3002 fortunae
264 2944 455 3002 succumbere.
496 2944 598 3002 Altera
612 2954 656 3000 est
674 2963 726 3011 res,
742 2952 784 3012 ut,
798 2965 863 3002 cum
876 2945 916 3002 ita
930 2945 967 3002 sis
982 2945 1021 3000 al-
1037 2950 1054 3002 2

90 3044 150 3092 :tus
172 3035 276 3100 anima,
291 3041 423 3109 utsupra
438 3033 503 3099 dixi,
519 3052 564 3089 res
584 3053 667 3110 geras
688 3053 805 3111 magnas
826 3034 888 3090 illas
908 3034 1023 3109 quidem

97 3125 226 3180 maxime
239 3123 331 3190 utiles
346 3123 397 3179 sed
412 3123 639 3266 uqsuehementer
652 3122 756 3178 arduas
770 3123 923 3200 plenasque
943 3111 1021 3182 labo·

90 3234 118 3270 m
143 3221 173 3270 et
199 3212 389 3290 periculorum
410 3201 433 3268 d
448 3231 475 3267 m
496 3212 562 3269 vitae
583 3202 645 3268 ¹tum
667 3213 821 3270 multarum
841 3232 1023 3289 rerumquae

105 3303 199 3360 vitam
215 3303 365 3380 pertinent.
407 3301 517 3358 Harum
535 3320 628 3358 rernm
642 3303 762 3360 duarum
776 3302 911 3378 splendor
924 3303 1021 3368 omnis,
1038 3308 1054 3358 3

89 3391 428 3467 1plitudo,addoetiam
449 3391 608 3457 utilitatem,
632 3391 659 3448 in
681 3393 835 3468 posteriore
856 3400 916 3448 est:
939 3409 1024 3447 causa

93 3490 155 3536 tem
171 3489 203 3538 et
218 3482 291 3538 ratio
301 3481 422 3538 efficiens
436 3497 556 3557 magnos
566 3480 639 3538 viros
650 3491 693 3538 est
706 3481 734 3538 in
749 3482 849 3559 priore.
891 3481 925 3536 In
935 3498 970 3534 eo
980 3484 1024 3534 est

89 3571 129 3626 im
152 3570 238 3638 illud,
253 3571 331 3648 quod
350 3571 521 3628 excellentes
541 3570 648 3628 animos
663 3578 692 3628 et
705 3572 831 3630 humana
845 3575 1024 3626 contemnen-

90 3658 195 3718 tfacit.
