<?xml version="1.0" encoding="UTF-8"?>
<!DOCTYPE html PUBLIC "-//W3C//DTD XHTML 1.0 Transitional//EN"
    "http://www.w3.org/TR/xhtml1/DTD/xhtml1-transitional.dtd">
<html xmlns="http://www.w3.org/1999/xhtml" xml:lang="en" lang="en">
 <head>
  <title>
</title>
<meta http-equiv="Content-Type" content="text/html;charset=utf-8" />
  <meta name='ocr-system' content='tesseract 3.04.00' />
  <meta name='ocr-capabilities' content='ocr_page ocr_carea ocr_par ocr_line ocrx_word'/>
</head>
<body>
  <div class='ocr_page' id='page_1' title='image "./mtulliiciceroni01thacgoog_0123.png"; bbox 0 0 2750 4284; ppageno 0'>
   <div class='ocr_carea' id='block_1_1' title="bbox 88 323 775 378">
    <p class='ocr_par' dir='ltr' id='par_1_1' title="bbox 88 323 775 378">
     <span class='ocr_line' id='line_1_1' title="bbox 88 323 775 378; baseline -0.013 1"><span class='ocrx_word' id='word_1_1' title='bbox 88 323 89 330; x_wconf 75' lang='grc'>’</span> <span class='ocrx_word' id='word_1_2' title='bbox 174 323 231 378; x_wconf 85' lang='lat' dir='ltr'><strong>los</strong></span> <span class='ocrx_word' id='word_1_3' title='bbox 587 333 625 372; x_wconf 86' lang='lat' dir='ltr'><strong>nr</strong></span> <span class='ocrx_word' id='word_1_4' title='bbox 646 331 775 372; x_wconf 85' lang='lat' dir='ltr'><strong>orrrcrrs</strong></span> 
     </span>
    </p>
   </div>
   <div class='ocr_carea' id='block_1_2' title="bbox 167 459 1195 3353">
    <p class='ocr_par' dir='ltr' id='par_1_2' title="bbox 192 459 1195 804">
     <span class='ocr_line' id='line_1_2' title="bbox 192 459 1195 540; baseline -0.002 -20"><span class='ocrx_word' id='word_1_5' title='bbox 192 466 212 520; x_wconf 80' lang='lat'>4</span> <span class='ocrx_word' id='word_1_6' title='bbox 225 463 274 540; x_wconf 87' lang='lat' dir='ltr'><strong>qui</strong></span> <span class='ocrx_word' id='word_1_7' title='bbox 287 461 451 527; x_wconf 70' lang='lat' dir='ltr'><strong>admiratur,</strong></span> <span class='ocrx_word' id='word_1_8' title='bbox 465 460 489 518; x_wconf 88' lang='lat' dir='ltr'><strong>ia</strong></span> <span class='ocrx_word' id='word_1_9' title='bbox 502 479 542 527; x_wconf 86' lang='lat' dir='ltr'><strong>ae,</strong></span> <span class='ocrx_word' id='word_1_10' title='bbox 557 461 625 538; x_wconf 90' lang='lat' dir='ltr'><strong>quid</strong></span> <span class='ocrx_word' id='word_1_11' title='bbox 639 460 675 517; x_wconf 89' lang='lat' dir='ltr'><strong>sit</strong></span> <span class='ocrx_word' id='word_1_12' title='bbox 688 460 731 516; x_wconf 87' lang='lat' dir='ltr'><strong>vir</strong></span> <span class='ocrx_word' id='word_1_13' title='bbox 744 460 844 526; x_wconf 91' lang='lat' dir='ltr'><strong>bonus,</strong></span> <span class='ocrx_word' id='word_1_14' title='bbox 858 459 966 518; x_wconf 89' lang='lat' dir='ltr'><strong>nescire</strong></span> <span class='ocrx_word' id='word_1_15' title='bbox 978 459 1110 519; x_wconf 75' lang='lat' dir='ltr'><strong>fateatur.</strong></span> <span class='ocrx_word' id='word_1_16' title='bbox 1147 460 1195 518; x_wconf 85' lang='lat' dir='ltr'><strong>At</strong></span> 
     </span>
     <span class='ocr_line' id='line_1_3' title="bbox 225 546 1192 625; baseline -0.002 -16"><span class='ocrx_word' id='word_1_17' title='bbox 225 569 293 609; x_wconf 77' lang='lat' dir='ltr'><strong>vero</strong></span> <span class='ocrx_word' id='word_1_18' title='bbox 312 550 412 625; x_wconf 91' lang='lat' dir='ltr'><strong>siquis</strong></span> <span class='ocrx_word' id='word_1_19' title='bbox 424 549 544 606; x_wconf 87' lang='lat' dir='ltr'><strong>voluerit</strong></span> <span class='ocrx_word' id='word_1_20' title='bbox 564 549 648 606; x_wconf 78' lang='lat' dir='ltr'><strong>ammi</strong></span> <span class='ocrx_word' id='word_1_21' title='bbox 667 546 710 606; x_wconf 90' lang='lat' dir='ltr'><strong>sui</strong></span> <span class='ocrx_word' id='word_1_22' title='bbox 730 549 928 625; x_wconf 77' lang='lat' dir='ltr'><strong>complicatam</strong></span> <span class='ocrx_word' id='word_1_23' title='bbox 948 549 1091 607; x_wconf 88' lang='lat' dir='ltr'><strong>notionem</strong></span> <span class='ocrx_word' id='word_1_24' title='bbox 1111 547 1192 607; x_wconf 77' lang='lat' dir='ltr'><strong>evol·</strong></span> 
     </span>
     <span class='ocr_line' id='line_1_4' title="bbox 224 637 1191 716; baseline 0 -20"><span class='ocrx_word' id='word_1_25' title='bbox 224 657 299 706; x_wconf 82' lang='lat' dir='ltr'><strong>vere,</strong></span> <span class='ocrx_word' id='word_1_26' title='bbox 310 639 371 715; x_wconf 86' lang='lat' dir='ltr'><strong>jam</strong></span> <span class='ocrx_word' id='word_1_27' title='bbox 392 655 422 695; x_wconf 88' lang='lat' dir='ltr'><strong>se</strong></span> <span class='ocrx_word' id='word_1_28' title='bbox 442 639 503 714; x_wconf 87' lang='lat' dir='ltr'><strong>ipsa</strong></span> <span class='ocrx_word' id='word_1_29' title='bbox 516 637 627 703; x_wconf 87' lang='lat' dir='ltr'><strong>doceat,</strong></span> <span class='ocrx_word' id='word_1_30' title='bbox 641 655 707 696; x_wconf 91' lang='lat' dir='ltr'><strong>eum</strong></span> <span class='ocrx_word' id='word_1_31' title='bbox 728 637 819 694; x_wconf 88' lang='lat' dir='ltr'><strong>virum</strong></span> <span class='ocrx_word' id='word_1_32' title='bbox 841 639 946 695; x_wconf 90' lang='lat' dir='ltr'><strong>bonum</strong></span> <span class='ocrx_word' id='word_1_33' title='bbox 967 655 1038 704; x_wconf 90' lang='lat' dir='ltr'><strong>esse,</strong></span> <span class='ocrx_word' id='word_1_34' title='bbox 1054 639 1102 714; x_wconf 91' lang='lat' dir='ltr'><strong>qui</strong></span> <span class='ocrx_word' id='word_1_35' title='bbox 1123 659 1191 716; x_wconf 92' lang='lat' dir='ltr'><strong>pro-</strong></span> 
     </span>
     <span class='ocr_line' id='line_1_5' title="bbox 225 725 1191 804; baseline 0.005 -21"><span class='ocrx_word' id='word_1_36' title='bbox 225 726 269 792; x_wconf 90' lang='lat' dir='ltr'><strong>sit,</strong></span> <span class='ocrx_word' id='word_1_37' title='bbox 294 726 395 802; x_wconf 90' lang='lat' dir='ltr'><strong>quibus</strong></span> <span class='ocrx_word' id='word_1_38' title='bbox 419 725 526 802; x_wconf 89' lang='lat' dir='ltr'><strong>possit;</strong></span> <span class='ocrx_word' id='word_1_39' title='bbox 557 733 658 783; x_wconf 85' lang='lat' dir='ltr'><strong>noceat</strong></span> <span class='ocrx_word' id='word_1_40' title='bbox 685 726 796 792; x_wconf 87' lang='lat' dir='ltr'><strong>nemini,</strong></span> <span class='ocrx_word' id='word_1_41' title='bbox 822 726 873 783; x_wconf 89' lang='lat' dir='ltr'><strong>nisi</strong></span> <span class='ocrx_word' id='word_1_42' title='bbox 900 727 1048 784; x_wconf 87' lang='lat' dir='ltr'><strong>lacessitus</strong></span> <span class='ocrx_word' id='word_1_43' title='bbox 1076 727 1191 804; x_wconf 80' lang='lat' dir='ltr'><strong>injuria.</strong></span> 
     </span>
    </p>

    <p class='ocr_par' dir='ltr' id='par_1_3' title="bbox 192 814 1191 979">
     <span class='ocr_line' id='line_1_6' title="bbox 192 814 1191 892; baseline -0.002 -18"><span class='ocrx_word' id='word_1_44' title='bbox 192 823 210 874; x_wconf 78' lang='lat' dir='ltr'><strong>a</strong></span> <span class='ocrx_word' id='word_1_45' title='bbox 225 815 300 883; x_wconf 83' lang='lat' dir='ltr'>Quid</span> <span class='ocrx_word' id='word_1_46' title='bbox 314 815 409 891; x_wconf 74' lang='lat' dir='ltr'><strong>ergo?</strong></span> <span class='ocrx_word' id='word_1_47' title='bbox 430 815 474 872; x_wconf 90' lang='lat' dir='ltr'><strong>hic</strong></span> <span class='ocrx_word' id='word_1_48' title='bbox 491 833 548 871; x_wconf 92' lang='lat' dir='ltr'><strong>nou</strong></span> <span class='ocrx_word' id='word_1_49' title='bbox 566 821 674 880; x_wconf 89' lang='lat' dir='ltr'><strong>noceat,</strong></span> <span class='ocrx_word' id='word_1_50' title='bbox 689 815 737 890; x_wconf 92' lang='lat' dir='ltr'><strong>qui</strong></span> <span class='ocrx_word' id='word_1_51' title='bbox 751 814 876 890; x_wconf 87' lang='lat' dir='ltr'><strong>quodam</strong></span> <span class='ocrx_word' id='word_1_52' title='bbox 889 815 970 890; x_wconf 87' lang='lat' dir='ltr'><strong>quasi</strong></span> <span class='ocrx_word' id='word_1_53' title='bbox 984 833 1091 872; x_wconf 90' lang='lat' dir='ltr'><strong>veneno</strong></span> <span class='ocrx_word' id='word_1_54' title='bbox 1106 815 1191 892; x_wconf 90' lang='lat' dir='ltr'><strong>perfi-</strong></span> 
     </span>
     <span class='ocr_line' id='line_1_7' title="bbox 224 903 1191 979; baseline 0 -17"><span class='ocrx_word' id='word_1_55' title='bbox 224 903 288 970; x_wconf 86' lang='lat' dir='ltr'><strong>ciat,</strong></span> <span class='ocrx_word' id='word_1_56' title='bbox 300 911 333 960; x_wconf 89' lang='lat' dir='ltr'><strong>ut</strong></span> <span class='ocrx_word' id='word_1_57' title='bbox 344 921 424 960; x_wconf 88' lang='lat' dir='ltr'><strong>veros</strong></span> <span class='ocrx_word' id='word_1_58' title='bbox 439 904 558 961; x_wconf 88' lang='lat' dir='ltr'><strong>heredes</strong></span> <span class='ocrx_word' id='word_1_59' title='bbox 573 903 732 968; x_wconf 78' lang='lat' dir='ltr'><strong>moventia</strong></span> <span class='ocrx_word' id='word_1_60' title='bbox 745 921 842 959; x_wconf 84' lang='lat' dir='ltr'><strong>eorum</strong></span> <span class='ocrx_word' id='word_1_61' title='bbox 855 903 949 960; x_wconf 89' lang='lat' dir='ltr'><strong>locum</strong></span> <span class='ocrx_word' id='word_1_62' title='bbox 963 904 1023 979; x_wconf 89' lang='lat' dir='ltr'><strong>ipse</strong></span> <span class='ocrx_word' id='word_1_63' title='bbox 1034 905 1191 962; x_wconf 81' lang='lat' dir='ltr'><strong>succedat?</strong></span> 
     </span>
    </p>

    <p class='ocr_par' dir='ltr' id='par_1_4' title="bbox 192 991 1191 1246">
     <span class='ocr_line' id='line_1_8' title="bbox 192 991 1190 1070; baseline 0.004 -22"><span class='ocrx_word' id='word_1_64' title='bbox 192 997 209 1048; x_wconf 84' lang='grc'>6</span> <span class='ocrx_word' id='word_1_65' title='bbox 225 991 291 1050; x_wconf 85' lang='lat' dir='ltr'><strong>Non</strong></span> <span class='ocrx_word' id='word_1_66' title='bbox 303 992 389 1070; x_wconf 87' lang='lat' dir='ltr'><strong>igitur</strong></span> <span class='ocrx_word' id='word_1_67' title='bbox 401 993 494 1058; x_wconf 86' lang='lat' dir='ltr'><strong>iaciat,</strong></span> <span class='ocrx_word' id='word_1_68' title='bbox 506 991 607 1049; x_wconf 85' lang='lat' dir='ltr'><strong>dixerit</strong></span> <span class='ocrx_word' id='word_1_69' title='bbox 620 991 691 1067; x_wconf 90' lang='lat' dir='ltr'><strong>quis,</strong></span> <span class='ocrx_word' id='word_1_70' title='bbox 707 992 783 1068; x_wconf 89' lang='lat' dir='ltr'><strong>quod</strong></span> <span class='ocrx_word' id='word_1_71' title='bbox 797 991 866 1048; x_wconf 85' lang='lat' dir='ltr'><strong>utile</strong></span> <span class='ocrx_word' id='word_1_72' title='bbox 880 991 925 1058; x_wconf 89' lang='lat' dir='ltr'><strong>sit,</strong></span> <span class='ocrx_word' id='word_1_73' title='bbox 941 992 1018 1068; x_wconf 89' lang='lat' dir='ltr'><strong>quod</strong></span> <span class='ocrx_word' id='word_1_74' title='bbox 1033 992 1190 1069; x_wconf 77' lang='lat' dir='ltr'><strong>expediat?</strong></span> 
     </span>
     <span class='ocr_line' id='line_1_9' title="bbox 225 1081 1190 1158; baseline 0.001 -20"><span class='ocrx_word' id='word_1_75' title='bbox 225 1081 318 1138; x_wconf 91' lang='lat' dir='ltr'><strong>Immo</strong></span> <span class='ocrx_word' id='word_1_76' title='bbox 337 1081 483 1158; x_wconf 87' lang='lat' dir='ltr'><strong>intelligat,</strong></span> <span class='ocrx_word' id='word_1_77' title='bbox 498 1081 566 1138; x_wconf 89' lang='lat' dir='ltr'><strong>nibil</strong></span> <span class='ocrx_word' id='word_1_78' title='bbox 580 1099 632 1136; x_wconf 87' lang='lat' dir='ltr'><strong>nec</strong></span> <span class='ocrx_word' id='word_1_79' title='bbox 646 1081 788 1156; x_wconf 84' lang='lat' dir='ltr'><strong>expedire,</strong></span> <span class='ocrx_word' id='word_1_80' title='bbox 803 1099 855 1138; x_wconf 90' lang='lat' dir='ltr'><strong>nec</strong></span> <span class='ocrx_word' id='word_1_81' title='bbox 876 1081 944 1138; x_wconf 89' lang='lat' dir='ltr'><strong>utile</strong></span> <span class='ocrx_word' id='word_1_82' title='bbox 966 1099 1036 1146; x_wconf 89' lang='lat' dir='ltr'><strong>esse,</strong></span> <span class='ocrx_word' id='word_1_83' title='bbox 1051 1082 1128 1156; x_wconf 93' lang='lat' dir='ltr'><strong>quod</strong></span> <span class='ocrx_word' id='word_1_84' title='bbox 1149 1082 1190 1139; x_wconf 90' lang='lat' dir='ltr'><strong>sit</strong></span> 
     </span>
     <span class='ocr_line' id='line_1_10' title="bbox 224 1168 1191 1246; baseline 0.003 -21"><span class='ocrx_word' id='word_1_85' title='bbox 224 1169 370 1246; x_wconf 87' lang='lat' dir='ltr'><strong>injustum.</strong></span> <span class='ocrx_word' id='word_1_86' title='bbox 412 1169 475 1227; x_wconf 92' lang='lat' dir='ltr'><strong>Hoc</strong></span> <span class='ocrx_word' id='word_1_87' title='bbox 495 1169 544 1246; x_wconf 90' lang='lat' dir='ltr'><strong>qui</strong></span> <span class='ocrx_word' id='word_1_88' title='bbox 567 1188 622 1226; x_wconf 92' lang='lat' dir='ltr'><strong>non</strong></span> <span class='ocrx_word' id='word_1_89' title='bbox 643 1168 780 1235; x_wconf 85' lang='lat' dir='ltr'><strong>didicerit,</strong></span> <span class='ocrx_word' id='word_1_90' title='bbox 806 1171 897 1227; x_wconf 90' lang='lat' dir='ltr'><strong>bonus</strong></span> <span class='ocrx_word' id='word_1_91' title='bbox 917 1169 959 1226; x_wconf 85' lang='lat' dir='ltr'><strong>vir</strong></span> <span class='ocrx_word' id='word_1_92' title='bbox 979 1187 1041 1226; x_wconf 88' lang='lat' dir='ltr'><strong>esse</strong></span> <span class='ocrx_word' id='word_1_93' title='bbox 1061 1189 1117 1227; x_wconf 90' lang='lat' dir='ltr'><strong>non</strong></span> <span class='ocrx_word' id='word_1_94' title='bbox 1137 1189 1191 1246; x_wconf 92' lang='lat' dir='ltr'><strong>po·</strong></span> 
     </span>
    </p>

    <p class='ocr_par' dir='ltr' id='par_1_5' title="bbox 192 1256 1190 1862">
     <span class='ocr_line' id='line_1_11' title="bbox 192 1256 1190 1335; baseline 0.001 -20"><span class='ocrx_word' id='word_1_95' title='bbox 192 1256 209 1315; x_wconf 81' lang='lat'><strong>&#39;1</strong></span> <span class='ocrx_word' id='word_1_96' title='bbox 224 1258 298 1316; x_wconf 85' lang='lat' dir='ltr'><strong>terit.</strong></span> <span class='ocrx_word' id='word_1_97' title='bbox 339 1259 492 1316; x_wconf 88' lang='lat' dir='ltr'><strong>Fimbriam</strong></span> <span class='ocrx_word' id='word_1_98' title='bbox 506 1259 681 1315; x_wconf 75' lang='lat' dir='ltr'><strong>consularem</strong></span> <span class='ocrx_word' id='word_1_99' title='bbox 695 1258 846 1315; x_wconf 84' lang='lat' dir='ltr'><strong>audiebam</strong></span> <span class='ocrx_word' id='word_1_100' title='bbox 859 1258 896 1314; x_wconf 89' lang='lat' dir='ltr'><strong>de</strong></span> <span class='ocrx_word' id='word_1_101' title='bbox 910 1265 990 1335; x_wconf 88' lang='lat' dir='ltr'><strong>patre</strong></span> <span class='ocrx_word' id='word_1_102' title='bbox 1003 1265 1100 1316; x_wconf 89' lang='lat' dir='ltr'><strong>nostro</strong></span> <span class='ocrx_word' id='word_1_103' title='bbox 1115 1278 1190 1335; x_wconf 91' lang='lat' dir='ltr'><strong>puer</strong></span> 
     </span>
     <span class='ocr_line' id='line_1_12' title="bbox 221 1345 1188 1424; baseline 0.001 -20"><span class='ocrx_word' id='word_1_104' title='bbox 221 1345 348 1424; x_wconf 85' lang='lat' dir='ltr'><strong>judicem</strong></span> <span class='ocrx_word' id='word_1_105' title='bbox 368 1347 407 1404; x_wconf 89' lang='lat' dir='ltr'><strong>M.</strong></span> <span class='ocrx_word' id='word_1_106' title='bbox 423 1347 537 1403; x_wconf 88' lang='lat' dir='ltr'><strong>Lutatio</strong></span> <span class='ocrx_word' id='word_1_107' title='bbox 555 1346 677 1404; x_wconf 82' lang='lat' dir='ltr'><strong>Pinthiae</strong></span> <span class='ocrx_word' id='word_1_108' title='bbox 692 1345 786 1413; x_wconf 85' lang='lat' dir='ltr'><strong>inisse,</strong></span> <span class='ocrx_word' id='word_1_109' title='bbox 802 1347 889 1422; x_wconf 86' lang='lat' dir='ltr'><strong>equiti</strong></span> <span class='ocrx_word' id='word_1_110' title='bbox 910 1347 1040 1404; x_wconf 87' lang='lat' dir='ltr'><strong>Romano</strong></span> <span class='ocrx_word' id='word_1_111' title='bbox 1053 1365 1120 1404; x_wconf 84' lang='lat' dir='ltr'><strong>sane</strong></span> <span class='ocrx_word' id='word_1_112' title='bbox 1135 1348 1188 1405; x_wconf 92' lang='lat' dir='ltr'><strong>ho·</strong></span> 
     </span>
     <span class='ocr_line' id='line_1_13' title="bbox 224 1434 1184 1510; baseline 0 -18"><span class='ocrx_word' id='word_1_113' title='bbox 224 1443 315 1502; x_wconf 91' lang='lat' dir='ltr'><strong>nesto,</strong></span> <span class='ocrx_word' id='word_1_114' title='bbox 330 1453 396 1492; x_wconf 90' lang='lat' dir='ltr'><strong>cum</strong></span> <span class='ocrx_word' id='word_1_115' title='bbox 410 1435 433 1490; x_wconf 90' lang='lat' dir='ltr'><strong>is</strong></span> <span class='ocrx_word' id='word_1_116' title='bbox 447 1436 626 1510; x_wconf 86' lang='lat' dir='ltr'><strong>sponsionem</strong></span> <span class='ocrx_word' id='word_1_117' title='bbox 639 1434 759 1500; x_wconf 86' lang='lat' dir='ltr'><strong>iecisset,</strong></span> <span class='ocrx_word' id='word_1_118' title='bbox 782 1453 819 1492; x_wconf 82' lang='lat' dir='ltr'><strong>ur</strong></span> <span class='ocrx_word' id='word_1_119' title='bbox 839 1453 900 1492; x_wconf 87' lang='lat' dir='ltr'><strong>vrn</strong></span> <span class='ocrx_word' id='word_1_120' title='bbox 920 1454 1037 1492; x_wconf 82' lang='lat' dir='ltr'><strong>acuns</strong></span> <span class='ocrx_word' id='word_1_121' title='bbox 1058 1455 1184 1503; x_wconf 62' lang='lat' dir='ltr'><strong>assam</strong></span> 
     </span>
     <span class='ocr_line' id='line_1_14' title="bbox 223 1522 1188 1602; baseline 0.002 -23"><span class='ocrx_word' id='word_1_122' title='bbox 223 1522 318 1598; x_wconf 89' lang='lat' dir='ltr'><strong>itaque</strong></span> <span class='ocrx_word' id='word_1_123' title='bbox 333 1523 358 1579; x_wconf 89' lang='lat' dir='ltr'><strong>ei</strong></span> <span class='ocrx_word' id='word_1_124' title='bbox 371 1523 473 1579; x_wconf 84' lang='lat' dir='ltr'><strong>dixisse</strong></span> <span class='ocrx_word' id='word_1_125' title='bbox 488 1523 648 1590; x_wconf 83' lang='lat' dir='ltr'><strong>Fimbriam,</strong></span> <span class='ocrx_word' id='word_1_126' title='bbox 664 1541 694 1580; x_wconf 84' lang='lat' dir='ltr'><strong>ae</strong></span> <span class='ocrx_word' id='word_1_127' title='bbox 713 1523 790 1580; x_wconf 87' lang='lat' dir='ltr'><strong>illam</strong></span> <span class='ocrx_word' id='word_1_128' title='bbox 809 1541 870 1580; x_wconf 88' lang='lat' dir='ltr'><strong>rem</strong></span> <span class='ocrx_word' id='word_1_129' title='bbox 888 1541 1032 1599; x_wconf 87' lang='lat' dir='ltr'><strong>nunquam</strong></span> <span class='ocrx_word' id='word_1_130' title='bbox 1043 1524 1188 1602; x_wconf 84' lang='lat' dir='ltr'><strong>judicatu-</strong></span> 
     </span>
     <span class='ocr_line' id='line_1_15' title="bbox 223 1610 1189 1688; baseline 0.004 -22"><span class='ocrx_word' id='word_1_131' title='bbox 223 1629 287 1666; x_wconf 89' lang='lat' dir='ltr'><strong>rum</strong></span> <span class='ocrx_word' id='word_1_132' title='bbox 298 1629 305 1676; x_wconf 94' lang='lat'>;</span> <span class='ocrx_word' id='word_1_133' title='bbox 326 1627 362 1666; x_wconf 90' lang='lat' dir='ltr'><strong>ne</strong></span> <span class='ocrx_word' id='word_1_134' title='bbox 381 1617 432 1665; x_wconf 87' lang='lat' dir='ltr'><strong>aut</strong></span> <span class='ocrx_word' id='word_1_135' title='bbox 454 1610 587 1685; x_wconf 85' lang='lat' dir='ltr'><strong>spoliaret</strong></span> <span class='ocrx_word' id='word_1_136' title='bbox 607 1612 684 1668; x_wconf 83' lang='lat' dir='ltr'><strong>lama</strong></span> <span class='ocrx_word' id='word_1_137' title='bbox 705 1613 857 1688; x_wconf 86' lang='lat' dir='ltr'><strong>probatum</strong></span> <span class='ocrx_word' id='word_1_138' title='bbox 878 1613 1030 1678; x_wconf 89' lang='lat' dir='ltr'><strong>hominem,</strong></span> <span class='ocrx_word' id='word_1_139' title='bbox 1045 1613 1068 1670; x_wconf 87' lang='lat' dir='ltr'><strong>si</strong></span> <span class='ocrx_word' id='word_1_140' title='bbox 1087 1621 1189 1670; x_wconf 89' lang='lat' dir='ltr'><strong>contra</strong></span> 
     </span>
     <span class='ocr_line' id='line_1_16' title="bbox 221 1697 1189 1776; baseline 0.004 -22"><span class='ocrx_word' id='word_1_141' title='bbox 221 1697 425 1776; x_wconf 86' lang='lat' dir='ltr'><strong>judicavisset;</strong></span> <span class='ocrx_word' id='word_1_142' title='bbox 446 1705 496 1754; x_wconf 90' lang='lat' dir='ltr'><strong>aut</strong></span> <span class='ocrx_word' id='word_1_143' title='bbox 517 1699 648 1755; x_wconf 86' lang='lat' dir='ltr'><strong>statuisse</strong></span> <span class='ocrx_word' id='word_1_144' title='bbox 661 1700 813 1767; x_wconf 86' lang='lat' dir='ltr'><strong>videretur,</strong></span> <span class='ocrx_word' id='word_1_145' title='bbox 829 1701 920 1758; x_wconf 86' lang='lat' dir='ltr'><strong>virum</strong></span> <span class='ocrx_word' id='word_1_146' title='bbox 939 1701 1044 1758; x_wconf 89' lang='lat' dir='ltr'><strong>bonum</strong></span> <span class='ocrx_word' id='word_1_147' title='bbox 1064 1719 1125 1758; x_wconf 85' lang='lat' dir='ltr'><strong>ease</strong></span> <span class='ocrx_word' id='word_1_148' title='bbox 1140 1702 1189 1758; x_wconf 88' lang='lat' dir='ltr'><strong>ali·</strong></span> 
     </span>
     <span class='ocr_line' id='line_1_17' title="bbox 223 1787 1188 1862; baseline 0.005 -20"><span class='ocrx_word' id='word_1_149' title='bbox 223 1803 317 1862; x_wconf 90' lang='lat' dir='ltr'><strong>quem,</strong></span> <span class='ocrx_word' id='word_1_150' title='bbox 332 1804 398 1842; x_wconf 89' lang='lat' dir='ltr'><strong>cum</strong></span> <span class='ocrx_word' id='word_1_151' title='bbox 418 1803 452 1842; x_wconf 88' lang='lat' dir='ltr'><strong>ea</strong></span> <span class='ocrx_word' id='word_1_152' title='bbox 472 1805 517 1842; x_wconf 90' lang='lat' dir='ltr'><strong>res</strong></span> <span class='ocrx_word' id='word_1_153' title='bbox 536 1787 784 1846; x_wconf 86' lang='lat' dir='ltr'><strong>innumerabilibus</strong></span> <span class='ocrx_word' id='word_1_154' title='bbox 799 1789 894 1846; x_wconf 90' lang='lat' dir='ltr'><strong>officiis</strong></span> <span class='ocrx_word' id='word_1_155' title='bbox 908 1796 938 1845; x_wconf 87' lang='lat' dir='ltr'><strong>et</strong></span> <span class='ocrx_word' id='word_1_156' title='bbox 951 1789 1083 1846; x_wconf 88' lang='lat' dir='ltr'><strong>laudibus</strong></span> <span class='ocrx_word' id='word_1_157' title='bbox 1098 1792 1188 1848; x_wconf 89' lang='lat' dir='ltr'><strong>conti-</strong></span> 
     </span>
    </p>

    <p class='ocr_par' dir='ltr' id='par_1_6' title="bbox 192 1874 1187 1953">
     <span class='ocr_line' id='line_1_18' title="bbox 192 1874 1187 1953; baseline 0.003 -21"><span class='ocrx_word' id='word_1_158' title='bbox 192 1879 345 1932; x_wconf 76' lang='lat' dir='ltr'><strong>ssnaretur.</strong></span> <span class='ocrx_word' id='word_1_159' title='bbox 387 1874 462 1932; x_wconf 92' lang='lat' dir='ltr'><strong>Huic</strong></span> <span class='ocrx_word' id='word_1_160' title='bbox 485 1874 572 1952; x_wconf 86' lang='lat' dir='ltr'><strong>igitur</strong></span> <span class='ocrx_word' id='word_1_161' title='bbox 592 1876 650 1932; x_wconf 84' lang='lat' dir='ltr'><strong>viro</strong></span> <span class='ocrx_word' id='word_1_162' title='bbox 670 1878 753 1942; x_wconf 90' lang='lat' dir='ltr'><strong>bono,</strong></span> <span class='ocrx_word' id='word_1_163' title='bbox 768 1895 853 1953; x_wconf 91' lang='lat' dir='ltr'><strong>quem</strong></span> <span class='ocrx_word' id='word_1_164' title='bbox 874 1877 998 1935; x_wconf 82' lang='lat' dir='ltr'><strong>Fimbria</strong></span> <span class='ocrx_word' id='word_1_165' title='bbox 1018 1877 1113 1943; x_wconf 87' lang='lat' dir='ltr'><strong>etiam,</strong></span> <span class='ocrx_word' id='word_1_166' title='bbox 1128 1896 1187 1935; x_wconf 90' lang='lat' dir='ltr'><strong>non</strong></span> 
     </span>
    </p>

    <p class='ocr_par' dir='ltr' id='par_1_7' title="bbox 194 1961 1188 2042">
     <span class='ocr_line' id='line_1_19' title="bbox 194 1961 1188 2042; baseline 0.003 -22"><span class='ocrx_word' id='word_1_167' title='bbox 194 2005 198 2012; x_wconf 82' lang='grc'><em>.</em></span> <span class='ocrx_word' id='word_1_168' title='bbox 223 1962 310 2020; x_wconf 89' lang='lat' dir='ltr'><strong>modo</strong></span> <span class='ocrx_word' id='word_1_169' title='bbox 324 1961 455 2020; x_wconf 83' lang='lat' dir='ltr'><strong>Socrates</strong></span> <span class='ocrx_word' id='word_1_170' title='bbox 474 1972 600 2032; x_wconf 87' lang='lat' dir='ltr'><strong>noverat,</strong></span> <span class='ocrx_word' id='word_1_171' title='bbox 615 1965 693 2022; x_wconf 90' lang='lat' dir='ltr'><strong>nullo</strong></span> <span class='ocrx_word' id='word_1_172' title='bbox 713 1966 800 2022; x_wconf 94' lang='lat' dir='ltr'><strong>modo</strong></span> <span class='ocrx_word' id='word_1_173' title='bbox 814 1965 903 2023; x_wconf 89' lang='lat' dir='ltr'><strong>videri</strong></span> <span class='ocrx_word' id='word_1_174' title='bbox 925 1973 1019 2042; x_wconf 84' lang='lat' dir='ltr'><strong>potest</strong></span> <span class='ocrx_word' id='word_1_175' title='bbox 1033 1967 1188 2042; x_wconf 88' lang='lat' dir='ltr'><strong>quicquam</strong></span> 
     </span>
    </p>

    <p class='ocr_par' dir='ltr' id='par_1_8' title="bbox 192 2051 1188 2218">
     <span class='ocr_line' id='line_1_20' title="bbox 192 2051 1188 2130; baseline 0 -18"><span class='ocrx_word' id='word_1_176' title='bbox 192 2057 209 2112; x_wconf 84' lang='grc'>9</span> <span class='ocrx_word' id='word_1_177' title='bbox 224 2069 286 2109; x_wconf 83' lang='lat' dir='ltr'><strong>esse</strong></span> <span class='ocrx_word' id='word_1_178' title='bbox 300 2051 377 2119; x_wconf 88' lang='lat' dir='ltr'><strong>utile,</strong></span> <span class='ocrx_word' id='word_1_179' title='bbox 386 2052 463 2128; x_wconf 91' lang='lat' dir='ltr'><strong>quod</strong></span> <span class='ocrx_word' id='word_1_180' title='bbox 477 2072 533 2110; x_wconf 92' lang='lat' dir='ltr'><strong>non</strong></span> <span class='ocrx_word' id='word_1_181' title='bbox 547 2054 698 2111; x_wconf 88' lang='lat' dir='ltr'><strong>honestum</strong></span> <span class='ocrx_word' id='word_1_182' title='bbox 712 2055 756 2110; x_wconf 89' lang='lat' dir='ltr'><strong>sit.</strong></span> <span class='ocrx_word' id='word_1_183' title='bbox 789 2055 890 2130; x_wconf 84' lang='lat' dir='ltr'><strong>Itaque</strong></span> <span class='ocrx_word' id='word_1_184' title='bbox 903 2055 968 2112; x_wconf 91' lang='lat' dir='ltr'><strong>talis</strong></span> <span class='ocrx_word' id='word_1_185' title='bbox 978 2054 1020 2110; x_wconf 93' lang='lat' dir='ltr'><strong>vir</strong></span> <span class='ocrx_word' id='word_1_186' title='bbox 1033 2073 1089 2111; x_wconf 89' lang='lat' dir='ltr'><strong>non</strong></span> <span class='ocrx_word' id='word_1_187' title='bbox 1102 2054 1188 2112; x_wconf 92' lang='lat' dir='ltr'><strong>modo</strong></span> 
     </span>
     <span class='ocr_line' id='line_1_21' title="bbox 223 2141 1187 2218; baseline 0.002 -20"><span class='ocrx_word' id='word_1_188' title='bbox 223 2141 325 2207; x_wconf 86' lang='lat' dir='ltr'><strong>iacere,</strong></span> <span class='ocrx_word' id='word_1_189' title='bbox 341 2141 391 2198; x_wconf 90' lang='lat' dir='ltr'><strong>sed</strong></span> <span class='ocrx_word' id='word_1_190' title='bbox 406 2161 442 2198; x_wconf 90' lang='lat' dir='ltr'><strong>ne</strong></span> <span class='ocrx_word' id='word_1_191' title='bbox 456 2142 582 2218; x_wconf 88' lang='lat' dir='ltr'><strong>cogitare</strong></span> <span class='ocrx_word' id='word_1_192' title='bbox 596 2142 711 2218; x_wconf 86' lang='lat' dir='ltr'><strong>quidem</strong></span> <span class='ocrx_word' id='word_1_193' title='bbox 725 2141 876 2218; x_wconf 86' lang='lat' dir='ltr'><strong>quicquam</strong></span> <span class='ocrx_word' id='word_1_194' title='bbox 894 2142 1020 2209; x_wconf 90' lang='lat' dir='ltr'><strong>audebit,</strong></span> <span class='ocrx_word' id='word_1_195' title='bbox 1035 2142 1112 2218; x_wconf 89' lang='lat' dir='ltr'><strong>quod</strong></span> <span class='ocrx_word' id='word_1_196' title='bbox 1131 2162 1187 2200; x_wconf 90' lang='lat' dir='ltr'><strong>non</strong></span> 
     </span>
    </p>

    <p class='ocr_par' dir='ltr' id='par_1_9' title="bbox 172 2223 1187 2575">
     <span class='ocr_line' id='line_1_22' title="bbox 172 2223 1186 2308; baseline 0.002 -21"><span class='ocrx_word' id='word_1_197' title='bbox 172 2235 210 2288; x_wconf 90' lang='lat'><strong>10</strong></span> <span class='ocrx_word' id='word_1_198' title='bbox 224 2229 329 2287; x_wconf 85' lang='lat' dir='ltr'><strong>audeat</strong></span> <span class='ocrx_word' id='word_1_199' title='bbox 343 2230 508 2306; x_wconf 83' lang='lat' dir='ltr'><strong>praedioare.</strong></span> <span class='ocrx_word' id='word_1_200' title='bbox 544 2230 617 2287; x_wconf 84' lang='lat' dir='ltr'><strong>Haec</strong></span> <span class='ocrx_word' id='word_1_201' title='bbox 628 2249 684 2287; x_wconf 90' lang='lat' dir='ltr'><strong>nou</strong></span> <span class='ocrx_word' id='word_1_202' title='bbox 698 2237 782 2306; x_wconf 90' lang='lat' dir='ltr'><strong>turpe</strong></span> <span class='ocrx_word' id='word_1_203' title='bbox 796 2223 841 2287; x_wconf 84' lang='lat' dir='ltr'><strong>est</strong></span> <span class='ocrx_word' id='word_1_204' title='bbox 851 2230 981 2288; x_wconf 84' lang='lat' dir='ltr'><strong>dubitare</strong></span> <span class='ocrx_word' id='word_1_205' title='bbox 995 2231 1186 2308; x_wconf 89' lang='lat' dir='ltr'><strong>philosophos,</strong></span> 
     </span>
     <span class='ocr_line' id='line_1_23' title="bbox 224 2319 1185 2396; baseline 0.001 -19"><span class='ocrx_word' id='word_1_206' title='bbox 224 2339 290 2395; x_wconf 82' lang='lat' dir='ltr'><strong>quae</strong></span> <span class='ocrx_word' id='word_1_207' title='bbox 315 2338 350 2377; x_wconf 90' lang='lat' dir='ltr'><strong>ne</strong></span> <span class='ocrx_word' id='word_1_208' title='bbox 371 2319 467 2376; x_wconf 86' lang='lat' dir='ltr'><strong>rustici</strong></span> <span class='ocrx_word' id='word_1_209' title='bbox 487 2319 602 2395; x_wconf 90' lang='lat' dir='ltr'><strong>quidem</strong></span> <span class='ocrx_word' id='word_1_210' title='bbox 625 2319 781 2378; x_wconf 77' lang='lat' dir='ltr'><strong>dubitent?</strong></span> <span class='ocrx_word' id='word_1_211' title='bbox 805 2338 822 2376; x_wconf 87' lang='lat' dir='ltr'><strong>a</strong></span> <span class='ocrx_word' id='word_1_212' title='bbox 842 2319 945 2396; x_wconf 88' lang='lat' dir='ltr'><strong>quibus</strong></span> <span class='ocrx_word' id='word_1_213' title='bbox 965 2328 1064 2378; x_wconf 86' lang='lat' dir='ltr'><strong>nutum</strong></span> <span class='ocrx_word' id='word_1_214' title='bbox 1085 2322 1185 2388; x_wconf 90' lang='lat' dir='ltr'><strong>estid,</strong></span> 
     </span>
     <span class='ocr_line' id='line_1_24' title="bbox 224 2407 1187 2485; baseline 0.002 -21"><span class='ocrx_word' id='word_1_215' title='bbox 224 2407 301 2484; x_wconf 87' lang='lat' dir='ltr'><strong>quod</strong></span> <span class='ocrx_word' id='word_1_216' title='bbox 323 2409 383 2484; x_wconf 86' lang='lat' dir='ltr'><strong>jam</strong></span> <span class='ocrx_word' id='word_1_217' title='bbox 405 2407 557 2466; x_wconf 86' lang='lat' dir='ltr'><strong>contritum</strong></span> <span class='ocrx_word' id='word_1_218' title='bbox 577 2415 620 2464; x_wconf 81' lang='lat' dir='ltr'><strong>eat</strong></span> <span class='ocrx_word' id='word_1_219' title='bbox 642 2415 783 2464; x_wconf 87' lang='lat' dir='ltr'><strong>vetustate</strong></span> <span class='ocrx_word' id='word_1_220' title='bbox 804 2409 1002 2485; x_wconf 85' lang='lat' dir='ltr'><strong>proverbium:</strong></span> <span class='ocrx_word' id='word_1_221' title='bbox 1029 2429 1093 2466; x_wconf 90' lang='lat' dir='ltr'><strong>cum</strong></span> <span class='ocrx_word' id='word_1_222' title='bbox 1115 2410 1187 2467; x_wconf 88' lang='lat' dir='ltr'><strong>enim</strong></span> 
     </span>
     <span class='ocr_line' id='line_1_25' title="bbox 224 2495 1186 2575; baseline 0.002 -23"><span class='ocrx_word' id='word_1_223' title='bbox 224 2495 311 2554; x_wconf 90' lang='lat' dir='ltr'><strong>fidem</strong></span> <span class='ocrx_word' id='word_1_224' title='bbox 330 2497 450 2575; x_wconf 86' lang='lat' dir='ltr'><strong>alicujus</strong></span> <span class='ocrx_word' id='word_1_225' title='bbox 471 2497 682 2572; x_wconf 84' lang='lat' dir='ltr'><strong>bonitatemque</strong></span> <span class='ocrx_word' id='word_1_226' title='bbox 703 2497 829 2564; x_wconf 87' lang='lat' dir='ltr'><strong>laudant,</strong></span> <span class='ocrx_word' id='word_1_227' title='bbox 851 2497 970 2574; x_wconf 89' lang='lat' dir='ltr'><strong>dignum</strong></span> <span class='ocrx_word' id='word_1_228' title='bbox 994 2516 1056 2554; x_wconf 89' lang='lat' dir='ltr'><strong>esse</strong></span> <span class='ocrx_word' id='word_1_229' title='bbox 1080 2498 1186 2565; x_wconf 87' lang='lat' dir='ltr'><strong>dicunt,</strong></span> 
     </span>
    </p>

    <p class='ocr_par' dir='ltr' id='par_1_10' title="bbox 173 2585 1185 2662">
     <span class='ocr_line' id='line_1_26' title="bbox 173 2585 1185 2662; baseline 0 -20"><span class='ocrx_word' id='word_1_230' title='bbox 173 2590 208 2643; x_wconf 93' lang='lat'><strong>11</strong></span> <span class='ocrx_word' id='word_1_231' title='bbox 225 2585 340 2660; x_wconf 89' lang='lat' dir='ltr'><strong>quicum</strong></span> <span class='ocrx_word' id='word_1_232' title='bbox 354 2587 383 2642; x_wconf 92' lang='lat' dir='ltr'><strong>in</strong></span> <span class='ocrx_word' id='word_1_233' title='bbox 395 2585 519 2642; x_wconf 87' lang='lat' dir='ltr'><strong>tenebris</strong></span> <span class='ocrx_word' id='word_1_234' title='bbox 533 2585 627 2642; x_wconf 90' lang='lat' dir='ltr'><strong>mices.</strong></span> <span class='ocrx_word' id='word_1_235' title='bbox 669 2585 733 2642; x_wconf 90' lang='lat' dir='ltr'><strong>Hoc</strong></span> <span class='ocrx_word' id='word_1_236' title='bbox 746 2604 832 2662; x_wconf 87' lang='lat' dir='ltr'><strong>quam</strong></span> <span class='ocrx_word' id='word_1_237' title='bbox 847 2586 935 2642; x_wconf 87' lang='lat' dir='ltr'><strong>habet</strong></span> <span class='ocrx_word' id='word_1_238' title='bbox 948 2586 1014 2652; x_wconf 88' lang='lat' dir='ltr'><strong>vim,</strong></span> <span class='ocrx_word' id='word_1_239' title='bbox 1030 2587 1082 2644; x_wconf 90' lang='lat' dir='ltr'><strong>nisi</strong></span> <span class='ocrx_word' id='word_1_240' title='bbox 1100 2587 1185 2654; x_wconf 84' lang='lat' dir='ltr'><strong>illam,</strong></span> 
     </span>
    </p>

    <p class='ocr_par' dir='ltr' id='par_1_11' title="bbox 167 2673 1185 2751">
     <span class='ocr_line' id='line_1_27' title="bbox 167 2673 1185 2751; baseline 0.001 -21"><span class='ocrx_word' id='word_1_241' title='bbox 167 2685 174 2690; x_wconf 83' lang='grc'><strong>“</strong></span> <span class='ocrx_word' id='word_1_242' title='bbox 224 2673 292 2730; x_wconf 91' lang='lat' dir='ltr'><strong>nihil</strong></span> <span class='ocrx_word' id='word_1_243' title='bbox 313 2673 454 2750; x_wconf 85' lang='lat' dir='ltr'><strong>expedire,</strong></span> <span class='ocrx_word' id='word_1_244' title='bbox 470 2674 547 2748; x_wconf 90' lang='lat' dir='ltr'><strong>quod</strong></span> <span class='ocrx_word' id='word_1_245' title='bbox 568 2692 624 2730; x_wconf 90' lang='lat' dir='ltr'><strong>non</strong></span> <span class='ocrx_word' id='word_1_246' title='bbox 645 2674 753 2740; x_wconf 85' lang='lat' dir='ltr'><strong>deceat,</strong></span> <span class='ocrx_word' id='word_1_247' title='bbox 769 2674 878 2731; x_wconf 90' lang='lat' dir='ltr'><strong>etiamsi</strong></span> <span class='ocrx_word' id='word_1_248' title='bbox 898 2674 926 2730; x_wconf 91' lang='lat' dir='ltr'><strong>id</strong></span> <span class='ocrx_word' id='word_1_249' title='bbox 948 2675 1038 2751; x_wconf 79' lang='lat' dir='ltr'><strong>possis</strong></span> <span class='ocrx_word' id='word_1_250' title='bbox 1051 2675 1129 2732; x_wconf 88' lang='lat' dir='ltr'><strong>nullo</strong></span> <span class='ocrx_word' id='word_1_251' title='bbox 1143 2693 1185 2731; x_wconf 90' lang='lat' dir='ltr'><strong>re·</strong></span> 
     </span>
    </p>

    <p class='ocr_par' dir='ltr' id='par_1_12' title="bbox 173 2760 1186 3353">
     <span class='ocr_line' id='line_1_28' title="bbox 173 2760 1185 2840; baseline 0 -20"><span class='ocrx_word' id='word_1_252' title='bbox 173 2767 210 2820; x_wconf 83' lang='lat'><strong>12</strong></span> <span class='ocrx_word' id='word_1_253' title='bbox 225 2760 339 2818; x_wconf 87' lang='lat' dir='ltr'><strong>fellente</strong></span> <span class='ocrx_word' id='word_1_254' title='bbox 359 2761 509 2818; x_wconf 72' lang='lat' dir='ltr'><strong>obtineret</strong></span> <span class='ocrx_word' id='word_1_255' title='bbox 550 2762 683 2828; x_wconf 86' lang='lat' dir='ltr'><strong>Videsne,</strong></span> <span class='ocrx_word' id='word_1_256' title='bbox 699 2763 753 2820; x_wconf 91' lang='lat' dir='ltr'><strong>hoc</strong></span> <span class='ocrx_word' id='word_1_257' title='bbox 775 2761 924 2838; x_wconf 80' lang='lat' dir='ltr'><strong>proverbio</strong></span> <span class='ocrx_word' id='word_1_258' title='bbox 944 2781 1035 2840; x_wconf 90' lang='lat' dir='ltr'><strong>neque</strong></span> <span class='ocrx_word' id='word_1_259' title='bbox 1052 2763 1129 2840; x_wconf 83' lang='lat' dir='ltr'><strong>Gygi</strong></span> <span class='ocrx_word' id='word_1_260' title='bbox 1149 2762 1185 2820; x_wconf 93' lang='lat' dir='ltr'><strong>illi</strong></span> 
     </span>
     <span class='ocr_line' id='line_1_29' title="bbox 225 2849 1185 2928; baseline 0.002 -22"><span class='ocrx_word' id='word_1_261' title='bbox 225 2867 309 2926; x_wconf 90' lang='lat' dir='ltr'><strong>posse</strong></span> <span class='ocrx_word' id='word_1_262' title='bbox 329 2849 523 2916; x_wconf 70' lang='lat' dir='ltr'><strong>venumdari,</strong></span> <span class='ocrx_word' id='word_1_263' title='bbox 544 2868 635 2926; x_wconf 91' lang='lat' dir='ltr'><strong>neque</strong></span> <span class='ocrx_word' id='word_1_264' title='bbox 655 2851 730 2917; x_wconf 87' lang='lat' dir='ltr'><strong>huic,</strong></span> <span class='ocrx_word' id='word_1_265' title='bbox 747 2869 832 2928; x_wconf 90' lang='lat' dir='ltr'><strong>quem</strong></span> <span class='ocrx_word' id='word_1_266' title='bbox 853 2851 940 2928; x_wconf 87' lang='lat' dir='ltr'><strong>paulo</strong></span> <span class='ocrx_word' id='word_1_267' title='bbox 960 2859 1025 2909; x_wconf 88' lang='lat' dir='ltr'><strong>ante</strong></span> <span class='ocrx_word' id='word_1_268' title='bbox 1045 2851 1185 2928; x_wconf 84' lang='lat' dir='ltr'><strong>fingebam</strong></span> 
     </span>
     <span class='ocr_line' id='line_1_30' title="bbox 226 2940 1186 3018; baseline 0.001 -21"><span class='ocrx_word' id='word_1_269' title='bbox 226 2940 380 3018; x_wconf 83' lang='lat' dir='ltr'><strong>digitorum</strong></span> <span class='ocrx_word' id='word_1_270' title='bbox 396 2941 574 3018; x_wconf 85' lang='lat' dir='ltr'><strong>percussione</strong></span> <span class='ocrx_word' id='word_1_271' title='bbox 588 2941 760 2998; x_wconf 85' lang='lat' dir='ltr'><strong>hereditates</strong></span> <span class='ocrx_word' id='word_1_272' title='bbox 770 2943 894 2998; x_wconf 90' lang='lat' dir='ltr'><strong>omnium</strong></span> <span class='ocrx_word' id='word_1_273' title='bbox 908 2961 992 3018; x_wconf 83' lang='lat' dir='ltr'><strong>posse</strong></span> <span class='ocrx_word' id='word_1_274' title='bbox 1002 2943 1186 3000; x_wconf 75' lang='lat' dir='ltr'><strong>converrere?</strong></span> 
     </span>
     <span class='ocr_line' id='line_1_31' title="bbox 225 3029 1184 3107; baseline -0.001 -20"><span class='ocrx_word' id='word_1_275' title='bbox 225 3029 268 3087; x_wconf 89' lang='lat' dir='ltr'><strong>Ut</strong></span> <span class='ocrx_word' id='word_1_276' title='bbox 288 3031 370 3096; x_wconf 89' lang='lat' dir='ltr'><strong>enim,</strong></span> <span class='ocrx_word' id='word_1_277' title='bbox 385 3029 462 3106; x_wconf 93' lang='lat' dir='ltr'><strong>quod</strong></span> <span class='ocrx_word' id='word_1_278' title='bbox 485 3037 568 3107; x_wconf 88' lang='lat' dir='ltr'><strong>turpe</strong></span> <span class='ocrx_word' id='word_1_279' title='bbox 582 3037 633 3096; x_wconf 86' lang='lat' dir='ltr'><strong>est,</strong></span> <span class='ocrx_word' id='word_1_280' title='bbox 648 3029 677 3087; x_wconf 91' lang='lat' dir='ltr'><strong>id</strong></span> <span class='ocrx_word' id='word_1_281' title='bbox 697 3031 826 3105; x_wconf 87' lang='lat' dir='ltr'><strong>quamvis</strong></span> <span class='ocrx_word' id='word_1_282' title='bbox 846 3031 1013 3098; x_wconf 86' lang='lat' dir='ltr'><strong>occultetur,</strong></span> <span class='ocrx_word' id='word_1_283' title='bbox 1028 3037 1124 3088; x_wconf 86' lang='lat' dir='ltr'><strong>tamen</strong></span> <span class='ocrx_word' id='word_1_284' title='bbox 1136 3031 1184 3087; x_wconf 94' lang='lat' dir='ltr'><strong>ho-</strong></span> 
     </span>
     <span class='ocr_line' id='line_1_32' title="bbox 225 3118 1184 3196; baseline 0.002 -22"><span class='ocrx_word' id='word_1_285' title='bbox 225 3125 337 3174; x_wconf 89' lang='lat' dir='ltr'><strong>nestum</strong></span> <span class='ocrx_word' id='word_1_286' title='bbox 352 3119 411 3174; x_wconf 87' lang='lat' dir='ltr'><strong>fieri</strong></span> <span class='ocrx_word' id='word_1_287' title='bbox 424 3120 503 3176; x_wconf 88' lang='lat' dir='ltr'><strong>nullo</strong></span> <span class='ocrx_word' id='word_1_288' title='bbox 514 3119 601 3178; x_wconf 93' lang='lat' dir='ltr'><strong>modo</strong></span> <span class='ocrx_word' id='word_1_289' title='bbox 615 3127 727 3196; x_wconf 89' lang='lat' dir='ltr'><strong>potest:</strong></span> <span class='ocrx_word' id='word_1_290' title='bbox 749 3119 798 3186; x_wconf 87' lang='lat' dir='ltr'><strong>sic,</strong></span> <span class='ocrx_word' id='word_1_291' title='bbox 808 3118 886 3195; x_wconf 90' lang='lat' dir='ltr'><strong>quod</strong></span> <span class='ocrx_word' id='word_1_292' title='bbox 901 3119 1051 3177; x_wconf 89' lang='lat' dir='ltr'><strong>honestum</strong></span> <span class='ocrx_word' id='word_1_293' title='bbox 1065 3137 1120 3176; x_wconf 88' lang='lat' dir='ltr'><strong>non</strong></span> <span class='ocrx_word' id='word_1_294' title='bbox 1134 3126 1184 3185; x_wconf 89' lang='lat' dir='ltr'><strong>est,</strong></span> 
     </span>
     <span class='ocr_line' id='line_1_33' title="bbox 224 3205 1185 3285; baseline -0.002 -19"><span class='ocrx_word' id='word_1_295' title='bbox 224 3206 254 3266; x_wconf 91' lang='lat' dir='ltr'><strong>id</strong></span> <span class='ocrx_word' id='word_1_296' title='bbox 274 3205 343 3263; x_wconf 89' lang='lat' dir='ltr'><strong>utile</strong></span> <span class='ocrx_word' id='word_1_297' title='bbox 364 3214 397 3264; x_wconf 91' lang='lat' dir='ltr'><strong>ut</strong></span> <span class='ocrx_word' id='word_1_298' title='bbox 417 3207 462 3276; x_wconf 89' lang='lat' dir='ltr'><strong>sit,</strong></span> <span class='ocrx_word' id='word_1_299' title='bbox 481 3207 553 3266; x_wconf 85' lang='lat' dir='ltr'><strong>effici</strong></span> <span class='ocrx_word' id='word_1_300' title='bbox 572 3227 628 3265; x_wconf 90' lang='lat' dir='ltr'><strong>non</strong></span> <span class='ocrx_word' id='word_1_301' title='bbox 649 3216 752 3285; x_wconf 87' lang='lat' dir='ltr'><strong>potest,</strong></span> <span class='ocrx_word' id='word_1_302' title='bbox 773 3208 942 3266; x_wconf 85' lang='lat' dir='ltr'><strong>adversante</strong></span> <span class='ocrx_word' id='word_1_303' title='bbox 962 3214 991 3265; x_wconf 89' lang='lat' dir='ltr'><strong>et</strong></span> <span class='ocrx_word' id='word_1_304' title='bbox 1011 3214 1185 3285; x_wconf 74' lang='lat' dir='ltr'><strong>repugnante</strong></span> 
     </span>
     <span class='ocr_line' id='line_1_34' title="bbox 226 3301 337 3353; baseline -0.009 0"><span class='ocrx_word' id='word_1_305' title='bbox 226 3301 337 3353; x_wconf 87' lang='lat' dir='ltr'><strong>natura.</strong></span> 
     </span>
    </p>
   </div>
   <div class='ocr_carea' id='block_1_3' title="bbox 226 3472 1184 3730">
    <p class='ocr_par' dir='ltr' id='par_1_13' title="bbox 226 3472 1184 3730">
     <span class='ocr_line' id='line_1_35' title="bbox 265 3472 1183 3552; baseline -0.002 -20"><span class='ocrx_word' id='word_1_306' title='bbox 265 3473 328 3532; x_wconf 87' lang='lat' dir='ltr'><strong>XX.</strong></span> <span class='ocrx_word' id='word_1_307' title='bbox 349 3472 393 3531; x_wconf 84' lang='lat' dir='ltr'><strong>At</strong></span> <span class='ocrx_word' id='word_1_308' title='bbox 406 3473 488 3542; x_wconf 92' lang='lat' dir='ltr'><strong>enim,</strong></span> <span class='ocrx_word' id='word_1_309' title='bbox 501 3493 566 3530; x_wconf 89' lang='lat' dir='ltr'><strong>oum</strong></span> <span class='ocrx_word' id='word_1_310' title='bbox 580 3491 736 3552; x_wconf 81' lang='lat' dir='ltr'><strong>permagna</strong></span> <span class='ocrx_word' id='word_1_311' title='bbox 749 3474 1012 3552; x_wconf 68' lang='lat' dir='ltr'><strong>praemicantes</strong></span> <span class='ocrx_word' id='word_1_312' title='bbox 1025 3489 1110 3531; x_wconf 84' lang='lat' dir='ltr'><strong>causa</strong></span> <span class='ocrx_word' id='word_1_313' title='bbox 1123 3488 1183 3547; x_wconf 81' lang='lat' dir='ltr'><strong>peo-</strong></span> 
     </span>
     <span class='ocr_line' id='line_1_36' title="bbox 226 3560 1184 3640; baseline -0.006 -18"><span class='ocrx_word' id='word_1_314' title='bbox 226 3564 317 3622; x_wconf 83' lang='lat' dir='ltr'><strong>candi.</strong></span> <span class='ocrx_word' id='word_1_315' title='bbox 345 3563 377 3621; x_wconf 81' lang='lat'><strong>0.</strong></span> <span class='ocrx_word' id='word_1_316' title='bbox 390 3563 497 3622; x_wconf 87' lang='lat' dir='ltr'><strong>Marius</strong></span> <span class='ocrx_word' id='word_1_317' title='bbox 507 3583 572 3621; x_wconf 89' lang='lat' dir='ltr'><strong>cum</strong></span> <span class='ocrx_word' id='word_1_318' title='bbox 586 3581 604 3620; x_wconf 92' lang='lat' dir='ltr'><strong>a</strong></span> <span class='ocrx_word' id='word_1_319' title='bbox 617 3581 668 3638; x_wconf 89' lang='lat' dir='ltr'><strong>spe</strong></span> <span class='ocrx_word' id='word_1_320' title='bbox 679 3565 841 3622; x_wconf 81' lang='lat' dir='ltr'><strong>considatns</strong></span> <span class='ocrx_word' id='word_1_321' title='bbox 854 3563 939 3640; x_wconf 91' lang='lat' dir='ltr'><strong>longe</strong></span> <span class='ocrx_word' id='word_1_322' title='bbox 953 3564 1074 3628; x_wconf 84' lang='lat' dir='ltr'><strong>abesset,</strong></span> <span class='ocrx_word' id='word_1_323' title='bbox 1087 3568 1117 3618; x_wconf 86' lang='lat' dir='ltr'><strong>st</strong></span> <span class='ocrx_word' id='word_1_324' title='bbox 1127 3560 1184 3638; x_wconf 87' lang='lat' dir='ltr'><strong>jam</strong></span> 
     </span>
     <span class='ocr_line' id='line_1_37' title="bbox 226 3649 1184 3730; baseline -0.001 -23"><span class='ocrx_word' id='word_1_325' title='bbox 226 3651 381 3726; x_wconf 87' lang='lat' dir='ltr'><strong>septimum</strong></span> <span class='ocrx_word' id='word_1_326' title='bbox 400 3669 507 3710; x_wconf 89' lang='lat' dir='ltr'><strong>annum</strong></span> <span class='ocrx_word' id='word_1_327' title='bbox 527 3659 594 3730; x_wconf 89' lang='lat' dir='ltr'><strong>post</strong></span> <span class='ocrx_word' id='word_1_328' title='bbox 616 3660 773 3730; x_wconf 85' lang='lat' dir='ltr'><strong>praeturam</strong></span> <span class='ocrx_word' id='word_1_329' title='bbox 791 3651 908 3729; x_wconf 88' lang='lat' dir='ltr'><strong>jaceret,</strong></span> <span class='ocrx_word' id='word_1_330' title='bbox 929 3668 1024 3728; x_wconf 86' lang='lat' dir='ltr'><strong>usque</strong></span> <span class='ocrx_word' id='word_1_331' title='bbox 1047 3649 1184 3726; x_wconf 78' lang='lat' dir='ltr'><strong>petitoria</strong></span> 
     </span>
    </p>
   </div>
   <div class='ocr_carea' id='block_1_4' title="bbox 0 0 1380 4284">
    <p class='ocr_par' dir='ltr' id='par_1_14' title="bbox 0 0 1380 4284">
     <span class='ocr_line' id='line_1_38' title="bbox 0 0 1380 4284; baseline 0 2"><span class='ocrx_word' id='word_1_332' title='bbox 0 0 1380 4284; x_wconf 95' lang='lat' dir='ltr'><strong> </strong></span> 
     </span>
    </p>
   </div>
  </div>
 </body>
</html>
