2648 4288
560 324 753 366 cosmarus.
892 345 905 372 .
1141 313 1162 368 Ι

272 451 307 511 Β.
320 453 366 510 De
385 469 419 510 aa
440 452 632 520 beneficentia,
646 473 712 530 quae
734 470 821 530 opera
837 452 888 510 fiat
909 469 1003 530 acap.
1020 455 1161 530 le-cap.

311 529 522 687 nid'siirgblos
535 609 679 666 homines:
701 627 763 686 cap.
781 614 825 666 19.

389 687 438 743 ubi
452 687 488 744 de
502 686 615 744 delectu
628 688 780 754 hominum,
796 686 897 763 quibus
908 685 1082 744 benefacias:
1098 703 1161 764 cap.

311 839 343 921 1))
358 770 551 909 16211111666666,
563 843 621 900 sive
632 843 668 900 de
678 842 871 920 largitionibus
882 841 1017 920 publicis:
1038 831 1100 921 ca'p.
1113 847 1162 911 21,

388 918 406 998 ἓ
423 919 582 1056 1311111316
592 999 759 1056 abstinentia
768 988 945 1056 adhibenda:
960 1016 1023 1077 cap.
1036 1005 1083 1066 21,
1094 995 1112 1076 ἓ
1124 1002 1162 1057 14

428 1075 676 1232 Item-deiidsgtitia
689 1153 834 1220 seruanda,
849 1172 884 1210 ne
897 1154 946 1210 nni
960 1154 1068 1230 eripias,
1084 1153 1163 1233 quod

508 1232 596 1289 dones
609 1234 706 1290 alteri:
728 1251 790 1307 cap.
807 1238 853 1296 22,
869 1229 886 1307 β
902 1238 1008 1299 9-24,
1022 1231 1040 1309 ξ
1055 1233 1082 1290 l.

232 1308 415 1367 Bestiarum
434 1327 529 1366 rarum
542 1311 671 1376 utilitate,
686 1310 744 1367 sive
757 1310 795 1366 de
808 1309 974 1366 valetudinis
988 1316 1018 1368 61
1036 1308 1164 1388 pecunias

311 1406 395 1446 cura:
416 1405 478 1463 cap.
494 1394 541 1454 24,
557 1386 574 1465 ἓ
590 1389 694 1446 8-116.
706 1405 768 1464 cap.

162 1497 216 1556 IV.
235 1496 412 1573 comparatio
426 1499 604 1555 utilitatum:
625 1515 687 1576 cap.
704 1504 750 1556 25.

571 1687 680 1737 LIBER
696 1687 746 1736 ΙΙΙ.

78 1768 81 1778 i
152 1794 329 1854 Prooemium
343 1792 379 1852 de
393 1793 441 1851 otii
454 1792 497 1850 sni
510 1792 625 1860 rationo,
641 1800 670 1850 et
684 1792 844 1851 adhortatio
858 1792 895 1850 ad
905 1792 1008 1851 filium:
1030 1811 1092 1871 cap.
1106 1798 1164 1853 1-

372 1891 405 1929 ca
427 1880 473 1938 ,2,
519 1872 545 1928 t.

153 1948 192 2008 V.
204 1949 372 2025 Proposito,
383 1870 536 2007 relitaregV.
548 1949 642 2006 locum
656 1949 694 2006 de
704 1949 881 2007 contentione
895 1949 1016 2007 Honesti
1029 1956 1059 2007 at
1069 1948 1163 2018 Utilis,

371 2047 455 2105 quem
470 2029 618 2084 Panotios
638 2046 694 2085 non
712 2027 847 2094 tractarit,
862 2027 913 2085 sed
934 2034 1055 2086 tractare
1068 2028 1164 2086 volue-

373 2107 424 2164 rit:
446 2125 508 2182 cap.
525 2112 551 2172 2,
566 2103 583 2182 ξ
599 2106 702 2163 8-116.
718 2124 780 2182 cap.

195 2182 254 2242 Sed
268 2185 364 2258 quoe,
379 2203 447 2241 num
468 2183 557 2260 possit
579 2183 657 2241 Utile
678 2203 743 2240 cum
765 2182 894 2240 Honeste
907 2188 1023 2250 certare,
1037 2181 1115 2259 quod
1128 2200 1166 2242 ex

272 2263 345 2319 illius
358 2271 453 2318 mente
466 2268 587 2338 negatur

236 2338 265 2417 1)
280 2347 398 2417 propter
411 2347 541 2395 naturam
555 2346 584 2395 et
597 2338 656 2396 veri
669 2337 805 2394 Honesti:
827 2355 889 2414 cap.
905 2335 964 2415 ὣς
981 2335 1055 2414 1-§
1070 2344 1097 2396 8.

235 2419 268 2496 2)
282 2426 311 2475 61
325 2419 387 2495 ejus
402 2417 529 2483 Honesti,
541 2417 619 2493 quod
633 2415 817 2472 communiter
830 2414 999 2491 appellatur,
1010 2416 1116 2494 quippe
1129 2433 1165 2474 ex

312 2496 360 2553 illo
374 2495 551 2552 adumbrati:
574 2513 635 2570 cap.
652 2501 678 2559 3,
694 2491 712 2570 ξ
727 2499 847 2569 tt-cap.
863 2498 890 2559 4,
905 2491 922 2570 ξ
938 2499 965 2551 9.

234 2573 356 2632 Causam
377 2574 457 2639 illiue,
478 2591 543 2648 quae
563 2572 700 2638 videatur,
719 2571 911 2638 contentionis,
930 2589 992 2628 6666
1012 2569 1165 2630 dubitatio-

312 2671 377 2708 nem
388 2652 424 2709 de
438 2668 480 2717 ec,
496 2650 572 2728 quod
585 2651 736 2708 honestum
749 2649 798 2706 sit:
820 2665 882 2726 cap.
898 2647 954 2728 4,§
971 2648 1064 2727 10-§
1081 2655 1127 2708 la.

235 2730 377 2809 Regulam
398 2730 483 2818 igitur
500 2747 577 2786 osse:
600 2727 733 2806 quicquid
752 2727 902 2784 honestum
922 2734 974 2795 est,
989 2728 1064 2785 idem
1083 2727 1163 2794 utile,

313 2827 365 2865 nco
377 2809 447 2864 utile
461 2807 619 2884 quicquam,
634 2806 712 2883 qnod
724 2825 781 2863 non
790 2805 955 2864 honestum:
977 2823 1040 2884 cap.
1055 2803 1112 2884 4‚§
1128 2810 1166 2864 14

313 2885 401 2944 -116,
415 2904 448 2942 ca
471 2930 477 2942 .

236 2964 308 3034 Quae
323 2905 476 3021 rationibris
489 2962 647 3040 explicatur

317 3041 348 3118 1)
362 3041 436 3119 quia,
451 3042 474 3098 si
494 3049 592 3099 contra
605 3059 683 3117 agas,
697 3038 820 3116 dirumpi
837 3037 947 3116 generis
965 3037 1083 3096 humani
1101 3056 1167 3097 con·

391 3119 564 3197 junctionem
573 3136 687 3175 necesse
697 3118 741 3184 sit,
750 3136 816 3193 quae
831 3117 951 3176 maxime
964 3116 1168 3196 sitsecuudum

393 3206 539 3254 naturam:
562 3215 623 3272 cap.
640 3205 666 3254 5.

317 3274 347 3354 2)
363 3275 428 3351 quia
441 3275 595 3332 communis
608 3274 732 3330 omnium
745 3273 851 3330 utilitas
865 3273 916 3330 sit:
938 3292 1000 3348 cap.
1016 3278 1043 3330 6.

196 3355 283 3413 Redit
302 3354 339 3412 ad
360 3355 531 3419 Panaetium,
553 3352 602 3429 qui
622 3351 660 3409 sic
679 3371 739 3408 rem
760 3352 948 3428 explicaturus
968 3350 1059 3417 luerit,
1074 3354 1169 3406 cetera

276 3451 338 3490 sese
352 3432 419 3490 dicit
433 3431 471 3489 ad
484 3431 603 3488 eandem
617 3430 753 3486 rationem
766 3430 960 3505 expleturum:
983 3445 1044 3504 cap.
1060 3427 1087 3485 7.

232 3509 262 3591 1)
279 3509 424 3568 Generalis
448 3508 586 3566 sententia
609 3508 645 3564 de
669 3508 796 3574 utilitate,
817 3526 882 3584 quae
912 3523 974 3563 essa
999 3523 1056 3560 non
1080 3501 1170 3580 possit

316 3607 383 3646 oum
396 3586 578 3666 turpitudine,
593 3585 702 3644 etiamsi
717 3603 752 3643 ea
769 3585 867 3664 ignota
887 3583 924 3644 eit
937 3579 1082 3640 omnibus:
1104 3597 1169 3658 cap.

317 3671 378 3725 861
392 3671 419 3724 9.

652 3737 690 3799 1*
