2750 4284
455 322 541 364 mana
554 325 598 364 111.
640 325 706 364 ose.
721 325 798 365 xxrx.
1078 305 1134 368 11¹1

117 471 300 529 quamquam
320 453 357 511 ab
377 453 464 528 impio
484 472 552 530 rege
566 453 675 519 dicitur,
691 445 833 511 luculente
855 459 951 510 tamen
971 451 1081 512 dicitur.

117 541 250 598 Addunt
272 542 365 608 etiam,
390 542 630 618 quemadmodum
657 561 707 598 uos
735 541 870 608 dicamus,
895 542 984 599 videri
1004 547 1116 618 quae-8

118 629 194 686 dem
207 631 293 697 utilia,
309 649 374 706 quae
393 649 450 687 non
469 631 539 688 sint:
561 631 601 688 sic
615 649 645 687 se
659 631 761 696 dicere,
776 631 864 687 videri
877 631 1011 706 quaedam
1031 632 1082 686 ho·

117 726 215 785 nesta,
230 738 294 794 quae
315 738 372 776 non
391 720 462 784 sint:
484 727 517 775 ut
529 719 584 776 hoc
604 720 698 795 ipsum
712 720 824 776 videtur
843 719 1002 786 honestum,
1018 738 1083 776 con·

118 807 256 864 servandi
274 807 345 883 juris
365 806 478 884 jurandi
491 827 577 864 causa
590 807 627 864 ad
641 808 797 865 cruciatum
817 808 973 874 revertisse,
989 808 1039 864 sed
1052 808 1085 864 fit

118 915 182 952 non
205 895 373 968 honestum
393 896 467 972 quia,
490 896 568 972 quod
589 897 716 972 pervim
738 897 862 954 hostium
884 904 959 953 esset
979 903 1083 963 actum,

119 992 220 1040 ratum
233 1004 294 1041 esse
308 1003 364 1040 non
378 984 485 1042 debuit.
526 983 650 1041 Addunt
664 986 757 1052 etiam,
772 985 905 1062 quicquid
919 984 1002 1066 valde
1016 985 1084 1041 utile
1100 990 1117 1042 9

121 1073 168 1140 sit,
194 1073 224 1130 id
245 1073 305 1130 fieri
327 1074 486 1140 honestum,
511 1073 621 1129 etiamsi
641 1081 725 1130 antea
744 1093 801 1130 non
822 1075 973 1134 videretur,
1014 1076 1084 1133 Hac
1101 1081 1138 1134 10

121 1161 183 1218 fere
198 1168 295 1218 contra
308 1161 461 1238 Regulum.
503 1161 561 1218 Sed
576 1161 667 1236 prima
680 1161 833 1280 videmnus.

164 1317 272 1374 XXIX.
287 1317 353 1374 Non
362 1317 416 1373 fuit
424 1315 557 1392 luppiter
565 1316 743 1384 metuendus,
753 1335 789 1374 ne
799 1316 887 1374 iratus
895 1325 1025 1376 noceret:
1040 1319 1089 1395 qui

122 1424 218 1481 neque
232 1405 313 1463 irasci
323 1405 403 1472 solet,
412 1424 464 1462 neo
477 1423 585 1462 nocere.
628 1405 701 1463 Haec
713 1405 827 1481 quidem
841 1407 912 1464 ratio
925 1426 981 1464 non
994 1408 1087 1486 magis
1103 1413 1120 1464 2

124 1503 227 1552 contra
240 1495 352 1572 Reguli,
367 1513 453 1570 quam
468 1501 565 1551 contra
578 1513 661 1551 omne
678 1495 726 1570 jus
737 1495 892 1571 jurandum
906 1496 989 1554 valet.
1030 1495 1088 1554 Sed
1103 1503 1121 1554 3

124 1583 155 1640 in
174 1583 238 1660 jure
258 1583 389 1660 jurando,
404 1601 461 1639 non
481 1583 529 1658 qui
552 1590 655 1650 metus,
670 1583 721 1640 sed
741 1603 806 1661 quae
819 1584 861 1642 vis
882 1585 927 1653 sit,
942 1585 1029 1643 debet
1048 1585 1089 1642 in·

125 1673 224 1750 telligi.
265 1673 318 1728 Est
337 1671 410 1728 enim
428 1671 476 1748 jus
495 1671 650 1749 jurandum
665 1673 812 1730 affirmatio
825 1673 961 1751 religiosa.
1004 1673 1123 1742 Quoue

127 1769 224 1819 autem
247 1761 392 1827 affirmate,
413 1761 493 1837 quasi
513 1760 569 1818 deo
585 1768 667 1829 teste,
696 1762 864 1839 promiseris,
884 1763 914 1819 id
937 1763 1091 1820 tenendum

128 1859 181 1908 est.
221 1851 288 1908 Jam
302 1850 375 1908 enim
388 1869 444 1906 non
464 1849 501 1906 ad
520 1850 590 1908 iram
604 1850 731 1918 deorum,
746 1870 811 1927 quae
826 1851 903 1908 nulla
917 1859 969 1919 est,
985 1852 1038 1908 sed
1051 1851 1090 1908 ad

127 1939 264 2018 justitiam
278 1937 357 1997 etad
371 1939 458 1996 fidem
472 1939 601 2014 pertinet.
643 1940 720 1997 Nam
734 1939 870 2016 praeclare
884 1940 1006 1997 Ennius:
1103 1948 1120 1999 5

214 2039 238 2096 0
252 2038 336 2095 Fides
349 2039 434 2104 olma,
449 2046 516 2111 apto
524 2038 630 2110 pinna,
645 2046 670 2095 et
683 2038 906 2112 Jasjarandum
922 2039 1012 2096 Jocc's.

131 2149 186 2218 Qui
209 2148 263 2207 Jus
286 2148 372 2224 igitur
393 2146 547 2224 jurandum
567 2148 700 2213 violatis
722 2148 823 2205 Fidem
844 2149 938 2214 violat,
954 2167 1040 2224 quem
1063 2149 1092 2206 in

133 2237 271 2315 Capitolio
285 2236 403 2294 vicinam
421 2236 501 2293 lovis
515 2236 624 2312 Optimi
647 2237 771 2304 Maximi,
787 2244 820 2294 ut
842 2237 872 2294 in
895 2236 1011 2294 Catonis
1031 2255 1092 2294 ora·

133 2329 207 2386 tione
221 2332 274 2392 cst,
288 2325 411 2400 majores
425 2325 513 2381 nostri
527 2343 590 2381 esse
603 2325 763 2382 voluerunt.

173 2417 215 2472 At
228 2415 302 2472 enim
314 2432 350 2470 ne
363 2413 451 2470 iratus
465 2412 579 2489 quidem
588 2414 724 2490 luppiter
737 2414 802 2491 plus
819 2414 932 2492 Regulo
945 2414 1094 2482 nocuisset,
1109 2419 1126 2472 6

134 2525 218 2583 quam
233 2503 286 2562 sibi
299 2503 395 2560 nocuit
407 2502 468 2578 ipse
479 2503 617 2580 Regulus.
660 2503 753 2569 Certe,
768 2503 792 2560 si
805 2503 873 2560 nihil
886 2503 994 2561 melum
1008 2510 1092 2570 esset,
1108 2502 1124 2561 'l

134 2595 185 2652 nisi
198 2593 302 2650 dolere.
345 2592 381 2649 Id
402 2599 498 2649 autem
517 2610 573 2648 non
592 2591 678 2648 modo
698 2611 842 2649 summum
863 2592 978 2658 malum,
993 2591 1044 2648 sed
1058 2600 1104 2649 ne'

135 2683 239 2741 malum
250 2681 365 2759 quidem
376 2699 446 2748 esse,
458 2679 582 2737 maxima
592 2681 759 2738 auctoritate
774 2681 936 2758 philosophi
946 2681 1093 2737 affirmant.

138 2773 261 2841 Quorum
274 2770 390 2848 quidem
410 2777 514 2827 testem
535 2788 592 2826 non
616 2770 796 2836 mediocrem,
811 2769 863 2826 sed
882 2769 961 2826 hand
980 2769 1038 2827 scio
1058 2774 1127 2826 an8

138 2860 338 2939 gravissimum,
361 2859 515 2936 Regulum,
537 2859 634 2926 nolite,
658 2877 767 2935 quaeso,
792 2858 961 2935 vituperare.
1002 2859 1127 2926 Quem9

139 2950 208 3006 enim
228 2946 440 3025 locupletiorem
454 2948 618 3023 quaerimus,
641 2967 727 3024 quam
747 2947 902 3024 principem
922 2946 1021 3023 populi
1040 2947 1098 3004 Ro-

139 3038 219 3104 mani,
234 3037 283 3113 qui
302 3035 439 3092 retinendi
460 3037 543 3094 officii
562 3055 649 3093 causa
663 3036 818 3094 cruciatum
839 3035 956 3093 subierit
968 3036 1096 3092 volunta-

141 3125 262 3184 tarium?
303 3124 332 3180 N
333 3143 379 3180 am
392 3124 470 3200 quod
484 3125 571 3190 aiunt,
583 3124 700 3182 Minima
713 3125 749 3182 de
762 3124 860 3191 malis;
881 3123 910 3180 id
924 3131 976 3191 est,
991 3130 1025 3180 ut
1038 3131 1097 3180 tur·
1113 3128 1151 3182 10

141 3216 210 3294 piter
223 3213 325 3290 potius,
340 3231 426 3288 quam
440 3212 619 3270 calamitose:
641 3231 678 3270 an
700 3212 855 3270 catullum
876 3213 969 3289 majus
991 3213 1099 3270 malum

141 3303 333 3380 turpitudine?
375 3302 448 3369 Quae
463 3301 486 3358 ri
499 3301 527 3358 in
541 3301 720 3358 deformitate
741 3301 866 3378 corporis
886 3301 974 3359 habet
993 3301 1099 3377 aliquid

142 3391 302 3456 offensionis,
317 3397 423 3466 quanta
436 3390 484 3448 illa
497 3390 662 3466 depravatio
676 3397 706 3448 et
718 3390 834 3448 foeditas
848 3389 1001 3465 turpificati
1014 3388 1099 3455 animi

143 3482 224 3538 debet
236 3479 346 3535 videri?
387 3479 487 3554 Itaque
499 3479 644 3536 nervosius
657 3479 705 3555 qui
718 3479 772 3536 ista
783 3478 932 3544 disserunt,
945 3477 1038 3534 solnm
1048 3495 1098 3532 au·
1115 3479 1151 3532 11

144 3570 206 3626 dent
219 3569 326 3624 malum
339 3558 432 3624 dicere
446 3567 484 3634 id,
499 3567 576 3643 quod
590 3574 675 3642 turpe
688 3566 741 3623 sit:
763 3567 811 3642 qui
831 3573 928 3623 autem
949 3564 1102 3631 remissius,

144 3658 171 3715 hi
182 3664 276 3715 temen
289 3673 346 3712 non
359 3655 490 3712 dubitant
502 3673 646 3712 summum
659 3655 767 3712 malum
779 3654 880 3713 dicere.
