2648 4288
403 385 491 424 mana
504 387 524 426 1.
565 386 632 427 cnr.
646 387 744 428 xxmx.
1044 369 1084 426 49

79 515 167 573 cidunt
184 515 358 582 necessariae,
373 516 402 573 in
422 516 526 592 quibus
545 515 685 573 utendum
705 521 749 572 εει
768 515 889 572 fortasse
909 513 1030 572 atrocis

79 607 240 663 contentione
261 606 368 682 majore
387 613 417 663 ει
437 607 589 663 verborum
609 605 750 682 gravitate
764 605 879 670 acriore,
893 604 925 660 id
945 621 1030 680 egeu-

79 695 231 752 demetiam
244 703 277 752 ιιι
291 713 324 752 ea
338 697 433 752 facere
446 694 593 752 videamur
612 695 693 752 irati:
715 694 765 752 sed
787 701 820 750 ut
833 693 871 750 ad
889 693 1031 751 urendum

79 791 102 840 et
115 785 268 851 secandum,
284 785 325 842 sic
339 786 376 843 ad
391 785 446 842 hoc
460 803 551 862 genus
572 783 730 862 castigandi
749 803 813 840 raro
833 783 967 860 invitique
981 800 1030 840 ve-

79 873 182 940 niemus,
209 893 260 932 nec
287 893 422 952 unquam,
450 874 502 932 nisi
529 860 744 941 necessarimsi
770 873 847 930 nulla
875 871 1032 950 reperietur

79 963 122 1019 clia
144 963 283 1020 medicina.
325 963 384 1021 sed
405 970 502 1021 tamen
521 963 562 1020 ira
583 963 683 1042 procul
703 963 787 1029 absit,
804 983 870 1020 cum
884 981 941 1040 qua
961 961 1031 1018 nihil

78 1058 142 1108 recte
154 1053 218 1120 fieri,
233 1052 301 1111 nihil
315 1052 491 1110 considerate
505 1059 609 1129 potest.
651 1053 788 1130 Magnam
807 1060 904 1109 autem
919 1058 1030 1128 partem
1044 1055 1063 1108 4

79 1141 194 1198 clementi
206 1142 390 1220 castigatione
405 1142 471 1200 licet
482 1142 532 1207 uti,
543 1141 684 1218 gravitate
695 1149 790 1200 tamen
804 1141 949 1219 adjuncta,
959 1145 1031 1198 utet

79 1231 197 1288 reveritus
211 1231 388 1298 adhibeatur,
400 1239 430 1288 et
444 1231 614 1288 contumelia
628 1231 790 1308 repellatur.
831 1233 931 1306 Atque
945 1230 1030 1286 etiam
1045 1236 1062 1286 5

79 1321 135 1378 llud
149 1321 249 1396 ipsum,
263 1320 342 1396 quod
355 1320 517 1378 acerbitatis
531 1319 620 1377 habet
633 1319 804 1397 objurgatio,
814 1319 1032 1398 significandum

79 1417 116 1476 st,
128 1410 214 1487 ipsius
227 1410 257 1466 id
267 1429 361 1477 causa,
373 1410 422 1486 qui
436 1409 611 1487 objurgetur,
623 1427 686 1466 esse
699 1417 875 1486 susceptum.
908 1409 1031 1466 Rectum
1045 1411 1063 1465 θ

79 1509 109 1557 ει
122 1508 218 1558 autem
238 1499 323 1557 etiam
343 1500 372 1558 in
391 1499 445 1557 illis
466 1498 700 1566 contentionibus,
714 1517 780 1575 quae
793 1519 858 1558 eum
878 1496 1030 1556 inimicissi-

79 1591 117 1647 cis
131 1591 211 1658 fiunt,
225 1589 336 1647 etiamsi
349 1590 430 1648 nobis
443 1588 559 1667 indigna
579 1587 737 1656 audiamus,
751 1595 847 1646 tamen
861 1589 1032 1667 gravitatem

79 1681 190 1747 etinere,
205 1679 380 1738 iracundiam
394 1679 508 1756 pellere.
550 1679 621 1747 Qua
642 1679 796 1738 enimcum
810 1679 904 1756 aliqua
917 1685 1063 1757 partu-7

79 1771 173 1827 atione
187 1770 266 1836 fiunt,
282 1787 316 1827 ea
329 1787 382 1827 nec
403 1774 565 1826 constanter
585 1769 644 1826 fieri
664 1775 792 1846 possunt,
807 1788 899 1846 neque
918 1769 960 1837 iis,
982 1771 1032 1847 qui

79 1859 172 1926 dsunt,
185 1859 306 1936 probari.
347 1860 483 1916 Deforme
498 1858 583 1916 etiam
596 1865 650 1926 est,
662 1858 698 1916 de
713 1878 744 1918 se
756 1859 851 1935 ipsum
864 1860 1030 1936 praedicare,
1045 1867 1063 1920 Β

79 1949 132 2004 alsa
146 1949 314 2024 pracsertim,
330 1957 359 2007 ει
373 1969 440 2006 cum
453 1949 578 2007 irrisione
598 1948 773 2006 audientium
792 1948 900 2006 imitari*
912 1949 1031 2008 militem

82 2037 226 2096 loriosum.

97 2218 233 2276 XXXIX.
249 2218 288 2275 Et
301 2217 434 2294 quoniam
448 2216 541 2274 omnia
554 2216 759 2294 persequimur,
770 2216 901 2274 volumus
914 2218 1030 2294 quidem

79 2307 307 2375 medicandum
319 2307 591 2382 estctiam,qualem
606 2307 726 2364 hominis
740 2306 871 2364 honorati
884 2314 914 2364 et
927 2308 1028 2384 prinei-

79 2398 99 2454 'rs
114 2398 161 2455 do
170 2417 200 2454 m
209 2417 268 2454 um
282 2397 395 2475 placeat
409 2415 489 2454 esse:
505 2396 588 2472 cujus
602 2396 663 2452 linis
681 2403 724 2453 εει
737 2415 815 2462 nsua,
831 2396 869 2453 ad
882 2415 968 2472 quem
982 2416 1028 2457 ac·

79 2486 270 2544 >mmodanda
290 2494 333 2544 est
354 2484 514 2543 aedificandi
534 2485 694 2562 descriptio,
709 2492 847 2542 ettamen
868 2485 1031 2546 adhibenda

79 2577 268 2634 ›mmoditatis
282 2576 485 2654 dignitatisque
500 2575 652 2654 diligentia.
695 2575 747 2632 On.
764 2575 894 2643 Octavio,
909 2577 958 2652 qui
973 2578 1028 2653 pri·
1043 2583 1061 2636 2

79 2687 118 2724 us
133 2687 171 2724 ex
185 2667 235 2725 illa
248 2667 354 2723 familia
367 2667 465 2723 consul
479 2666 572 2723 factus
584 2675 636 2732 εει,
648 2665 747 2722 honori
760 2665 846 2722 fuisse
857 2667 1028 2743 accepimus,

79 2757 132 2814 rod
155 2757 325 2834 praeclaram
346 2756 513 2814 aedificasset
533 2755 561 2813 in
580 2755 692 2814 Palatio
707 2763 736 2812 et
750 2755 864 2832 plenam
883 2755 1028 2834 dignitatis

79 2867 194 2904 rmum:
218 2866 363 2924 quaecum
377 2846 464 2924 vulgo
477 2846 622 2915 uiseretur,
638 2847 797 2924 suffragata
817 2847 939 2915 domino,
955 2869 1029 2908 novo

79 2937 172 3004 nmini,
185 2937 224 2994 ad
236 2937 415 2994 consulatum
430 2938 596 3013 putabatur.
639 2937 722 2994 Hanc
737 2937 862 2994 Scaurus
876 2938 1027 2996 demolitus
1042 2946 1060 2997 3

79 3027 248 3084 :cessionem
267 3027 398 3104 adjunxit
422 3027 540 3084 aedibus.
583 3027 686 3103 Itaque
706 3027 752 3084 ille
766 3027 794 3082 in
815 3045 895 3084 suam
910 3026 1029 3092 domum

79 3117 239 3172 msulatum
254 3117 362 3192 pumus
376 3116 487 3173 attulit:
503 3116 548 3173 hic
564 3117 667 3198 summi
680 3123 709 3172 et
724 3115 867 3174 clanssrmr
880 3136 931 3174 vm
945 3117 1027 3184 lilius,

105 3204 233 3264 domum
257 3205 474 3281 multiplicatam
497 3223 554 3262 non
574 3205 718 3281 reprdsam
738 3205 831 3263 solum
851 3206 955 3274 retulit,
977 3207 1029 3266 sed

79 3295 239 3352 nominiam
254 3296 340 3353 etiam
354 3302 383 3351 et
397 3295 597 3352 calamitatem.
640 3294 777 3352 Ornanda
790 3303 834 3354 est
848 3296 923 3354 enim
937 3296 1027 3375 digni·
1041 3300 1061 3353 4

79 3405 91 3441 s
108 3385 211 3452 domo,
227 3404 284 3442 non
298 3403 334 3442 ex
347 3383 434 3442 domo
447 3392 509 3442 tota
522 3385 693 3462 quaerenda:
715 3403 767 3442 nec
788 3385 873 3444 domo
887 3386 1027 3452 domiuus,

79 3475 98 3531 d
114 3475 239 3532 domino
252 3475 354 3532 domus
369 3474 546 3532 honestanda
560 3481 612 3532 εει.
648 3475 686 3531 Ει
696 3481 729 3532 ιιι
742 3475 771 3532 in
781 3475 882 3532 ceteris
895 3473 1028 3530 habenda
1042 3481 1060 3532 5

79 3565 121 3622 tio
136 3584 199 3622 non
214 3583 267 3622 sua
287 3565 388 3631 solum,
403 3564 454 3622 sed
475 3565 560 3622 etiam
585 3565 720 3622 aliorum:
742 3565 781 3620 sic
802 3564 831 3622 iu
850 3562 936 3620 domo
960 3561 1029 3618 clari

79 3653 184 3721 minis
201 3655 231 3711 in
245 3671 332 3730 quarn
347 3660 376 3712 et
390 3654 516 3730 hospites
537 3653 619 3710 multi
632 3653 792 3728 recipiendi,
808 3658 837 3709 et
851 3648 1028 3706 admittenda

79 3743 204 3802 »minum
218 3743 358 3822 cujusque
372 3743 450 3800 modi
464 3741 627 3808 multitudo,
644 3740 807 3798 adhibenda
819 3757 887 3798 curu
901 3744 946 3796 est
958 3737 1027 3797 laxi-

563 3839 580 3888 5
