2746 4286
174 341 234 395 120
600 353 637 392 na
653 351 782 396 orrscns

193 487 211 542 9
226 501 256 540 se
270 481 476 540 adolescentem
488 481 572 558 jussit
585 482 685 539 venire.
727 481 770 538 At
783 480 837 548 ille,
852 487 885 538 ιιι
897 481 1040 558 ingressus
1054 488 1108 548 est,
1121 501 1187 541 con·

225 571 319 628 testim
333 570 459 648 gladium
473 570 628 636 destrinxit,
641 571 809 647 juravitque,
820 589 850 628 se
860 571 939 628 illum
950 570 1046 628 statim
1059 571 1187 628 interfec-

227 667 331 726 turum,
346 658 397 716 nisi
417 659 465 736 jus
487 659 640 735 jurandum
656 659 789 725 dedisset,
804 678 834 720 se
855 667 966 735 patrem
986 659 1104 716 missum
1125 677 1188 716 esse

175 755 212 807 10
226 749 380 805 factunm.
421 748 440 805 J
442 747 534 804 oravit
547 747 601 804 hoc
616 755 730 805 coactus
745 755 850 804 terrore
864 747 1055 824 Pomponius;
1076 767 1136 805 rem
1150 747 1187 804 ad

227 837 367 914 populum
390 835 510 902 detulit3
532 835 636 903 docuit,
657 856 709 894 our
735 836 788 895 sibi
810 854 895 893 causa
917 836 1053 894 desistere
1075 855 1189 893 necesse

175 931 210 986 11
228 932 319 991 esset;
341 924 477 980 Manlium
497 924 615 982 missum
635 925 702 982 fecit
751 925 873 982 Tantum
886 925 1061 1002 temporibus
1074 925 1129 982 illis
1140 925 1188 1001 jus

224 1013 377 1092 jurandum
391 1013 512 1070 valebat.
553 1014 652 1089 Atque
665 1013 711 1071 hic
725 1013 755 1071 Τ.
768 1014 889 1072 Manlius
902 1014 926 1071 is
939 1025 991 1080 est,
1006 1013 1054 1088 qui
1067 1011 1104 1069 ad
1118 1013 1187 1070 Ani-

227 1121 308 1160 anem
324 1102 407 1168 Galli,
421 1121 506 1178 quem
530 1102 567 1159 ab
588 1121 622 1159 eo
644 1109 815 1179 provocatus
839 1102 990 1169 occiderat,
1011 1109 1113 1178 torque
1139 1101 1188 1159 de·

227 1198 326 1257 tracto,
341 1209 499 1268 cognomen
519 1189 638 1248 invenit:
661 1190 743 1267 cujus
764 1191 847 1249 tertio
867 1189 1017 1250 consulatu
1036 1190 1130 1248 Latini
1149 1189 1187 1246 ad

227 1280 357 1338 Veserim
371 1280 427 1338 susi
447 1287 476 1337 et
495 1279 595 1357 fugati.
637 1278 761 1356 Magnus
774 1280 818 1336 vir
830 1279 859 1336 in
872 1279 977 1356 primis,
992 1279 1084 1356 etqui
1097 1279 1189 1357 perin-

227 1369 348 1448 dulgens
361 1369 390 1426 in
403 1377 522 1447 patrem,
538 1369 614 1426 idem
627 1370 728 1426 acerbe
741 1387 855 1426 severus
870 1368 898 1425 in
912 1368 1008 1428 filium.

267 1547 389 1604 XXXII.
404 1545 462 1603 Sed
472 1552 506 1603 ut
515 1544 675 1602 laudandum
688 1545 819 1622 Regulus
828 1545 856 1602 in
866 1544 1058 1604 conservando
1069 1543 1134 1622 jure
1145 1543 1191 1622 ju·

226 1635 325 1701 sendo,
340 1634 379 1690 sic
394 1633 493 1691 decem
507 1633 555 1700 illi,
569 1652 641 1709 quos
655 1640 722 1710 post
736 1633 915 1691 Cannensem
935 1652 1063 1711 pugnam
1080 1634 1192 1710 juratos

227 1722 265 1780 ad
280 1729 408 1780 senatum
422 1722 497 1778 misit
511 1721 662 1789 Hannibal,
673 1741 704 1779 se
717 1722 746 1779 in
760 1731 853 1780 castra
866 1722 1006 1780 redituros
1020 1741 1062 1789 ea,
1071 1741 1193 1798 qnorum

228 1818 308 1870 erant
321 1809 403 1887 potiti
416 1810 508 1876 Poeni,
522 1810 574 1867 nisi
588 1810 624 1867 de
638 1810 809 1868 redimendis
823 1811 941 1888 captivis
954 1811 1192 1888 impetravissent,

196 1901 252 1960 tsi
271 1919 327 1957 non
347 1898 499 1965 redierunt,
520 1899 707 1976 vituperandi.
749 1899 793 1956 De
814 1901 917 1976 quibus
938 1918 995 1957 non
1016 1917 1114 1956 omnes
1135 1918 1193 1956 uno

228 1989 322 2048 modo.
357 1989 433 2046 Nam
447 1988 592 2066 Polybius,
602 1989 693 2046 bonus
707 1995 806 2046 auctor
818 1989 847 2046 in
861 1988 966 2066 primis,
981 2007 1016 2046 ex
1031 1988 1130 2046 decem
1143 2007 1193 2046 no·

228 2079 376 2145 bilissimis,
390 2077 514 2155 quitum
528 2084 609 2135 erant
621 2077 707 2144 missi,
721 2097 824 2136 novem
838 2078 985 2136 revertisse
1001 2075 1104 2155 [dicit],
1119 2095 1137 2134 a
1150 2095 1193 2136 se·

227 2177 298 2226 natu
311 2186 342 2225 re
351 2185 408 2226 non
420 2167 584 2244 impetrata:
599 2186 688 2224 unum
699 2186 734 2224 ex
744 2167 851 2234 decem,
863 2167 911 2244 qui
925 2167 1010 2244 paulo
1022 2173 1095 2243 post,
1107 2185 1195 2242 quam

229 2275 360 2336 egressus
380 2263 441 2313 erat
458 2256 595 2322 ecastris,
609 2255 737 2322 redisset,
752 2256 833 2332 quasi
854 2255 960 2332 aliquid
982 2262 1058 2313 esset
1079 2255 1193 2324 oblitus,

196 2355 214 2406 3
229 2349 329 2405 Romae
341 2345 519 2402 remansisse.
561 2344 668 2402 Reditu
680 2345 755 2402 enim
768 2345 797 2402 in
811 2351 904 2402 castra
923 2345 1074 2402 liberatum
1088 2363 1119 2402 se
1132 2363 1194 2402 esse

226 2437 290 2514 jure
302 2433 425 2514 jurando
438 2434 684 2511 interpretabatur.
725 2434 792 2491 Non
805 2442 898 2492 recte:
916 2434 993 2491 fraus
1007 2433 1081 2491 enim
1095 2435 1194 2502 astrin-

196 2531 214 2582 4
228 2526 279 2603 git,
290 2543 347 2582 non
357 2523 485 2581 dissolvit
498 2523 662 2600 perjurium.
694 2524 761 2581 Fuit
775 2523 863 2601 igitur
872 2523 960 2580 stulta
971 2523 1119 2590 calliditas,
1130 2541 1194 2600 per·

228 2633 309 2673 verse
328 2613 437 2671 imitata
458 2611 646 2689 prudentiam.
688 2613 790 2689 Itaque
812 2612 938 2670 decrevit
957 2619 1081 2679 senatus,
1095 2620 1129 2670 ut
1148 2613 1194 2670 ille

197 2711 214 2762 5
229 2708 372 2760 veterator
385 2708 415 2758 et
429 2700 548 2758 callidus
562 2701 673 2758 vinctus
687 2699 724 2757 ad
739 2700 927 2758 Hannibalem
941 2700 1100 2759 duceretur.
1136 2701 1195 2760 Sed

229 2790 300 2848 illud
314 2788 485 2846 maximum:
507 2797 572 2846 octo
586 2789 732 2847 hominum
751 2789 828 2846 milia
841 2791 957 2848 tenebat
971 2789 1123 2856 Hannibal,
1138 2808 1195 2848 non

229 2896 300 2955 quos
322 2878 351 2934 in
370 2877 430 2935 acie
451 2877 581 2954 cepisset,
597 2884 647 2935 aut
667 2877 716 2953 qui
738 2877 862 2954 periculo
883 2879 982 2936 mortis
1004 2879 1193 2957 diffugissent,

229 2965 281 3024 sod
302 2966 352 3044 qui
371 2966 461 3024 relicti
480 2966 509 3023 in
529 2965 628 3024 castris
642 2965 761 3023 fuissent
774 2985 791 3023 a
805 2966 896 3025 Paulo
910 2974 970 3024 eta
985 2967 1113 3025 Varrone
1128 2987 1193 3025 con·

198 3061 216 3114 6
230 3055 346 3114 sulibus.
388 3055 445 3113 Eos
459 3061 574 3113 senatus
587 3073 644 3112 non
658 3055 767 3112 censuit
780 3055 968 3123 redimendos,
983 3076 1049 3114 oum
1061 3057 1091 3114 id
1106 3075 1195 3134 parve

230 3145 349 3220 pecunia
371 3144 431 3202 ficri
451 3150 563 3222 posset:
585 3150 619 3202 ut
640 3151 716 3202 esset
735 3144 850 3204 insitum
869 3145 1003 3204 militibus
1022 3146 1125 3204 nostris
1144 3153 1195 3204 aut

197 3233 215 3292 ’1
230 3233 349 3300 vincere,
363 3240 414 3289 aut
427 3233 523 3291 emori.
558 3233 622 3302 Qua
635 3234 751 3310 quidem
764 3253 795 3292 re
810 3235 916 3302 audita,
931 3235 1054 3292 fractum
1069 3235 1194 3294 animum

230 3321 395 3378 Hannibalis
410 3321 506 3379 scribit
518 3322 603 3388 idem,
618 3323 695 3399 qnod
710 3331 825 3382 senatus
846 3323 1027 3401 populusque
1047 3324 1194 3382 Romanus

198 3417 216 3468 8
231 3409 316 3466 rebus
326 3409 436 3468 afflictis
449 3417 509 3467 tam
519 3411 630 3469 excelso
641 3411 733 3469 animo
746 3412 853 3470 suisset.
886 3413 933 3470 Sic
946 3413 1102 3470 honestatis
1116 3432 1193 3472 oom-

198 3505 216 3558 9
231 3499 376 3576 paratione
389 3517 431 3567 ea,
443 3517 508 3575 quaa
523 3499 655 3557 videntur
667 3501 755 3568 utilia,
769 3502 929 3560 vincuntur.
964 3502 1073 3560 Acilius
1087 3509 1192 3570 autem,

230 3588 279 3664 qui
295 3589 398 3647 Graece
417 3588 528 3664 scripsit
550 3588 702 3656 historiam,
718 3589 815 3666 plures
834 3591 982 3657 aitsuisse,
997 3591 1087 3667 quiin
1100 3597 1194 3648 castra

229 3677 419 3746 revertissent,
431 3677 532 3766 eadem
545 3677 654 3746 fraude,
669 3686 702 3736 ut
712 3679 778 3756 jure
789 3679 912 3758 jurando
925 3680 1119 3750 liberarentur,
1130 3697 1192 3740 oos-
