<?xml version="1.0" encoding="UTF-8"?>
<!DOCTYPE html PUBLIC "-//W3C//DTD XHTML 1.0 Transitional//EN"
    "http://www.w3.org/TR/xhtml1/DTD/xhtml1-transitional.dtd">
<html xmlns="http://www.w3.org/1999/xhtml" xml:lang="en" lang="en">
 <head>
  <title>
</title>
<meta http-equiv="Content-Type" content="text/html;charset=utf-8" />
  <meta name='ocr-system' content='tesseract 3.04.00' />
  <meta name='ocr-capabilities' content='ocr_page ocr_carea ocr_par ocr_line ocrx_word'/>
</head>
<body>
  <div class='ocr_page' id='page_1' title='image "./mtulliiciceroni01thacgoog_0108.png"; bbox 0 0 2750 4284; ppageno 0'>
   <div class='ocr_carea' id='block_1_1' title="bbox 537 367 1194 424">
    <p class='ocr_par' dir='ltr' id='par_1_1' title="bbox 537 367 1194 424">
     <span class='ocr_line' id='line_1_1' title="bbox 537 367 1194 424; baseline 0.005 -9"><span class='ocrx_word' id='word_1_1' title='bbox 537 375 621 416; x_wconf 76' lang='lat' dir='ltr'><strong>rmus</strong></span> <span class='ocrx_word' id='word_1_2' title='bbox 635 377 677 417; x_wconf 88' lang='grc' dir='ltr'><strong>ιιι.</strong></span> <span class='ocrx_word' id='word_1_3' title='bbox 719 377 785 418; x_wconf 77' lang='lat' dir='ltr'><strong>cnr.</strong></span> <span class='ocrx_word' id='word_1_4' title='bbox 801 379 841 418; x_wconf 86' lang='lat' dir='ltr'><strong>vr.</strong></span> <span class='ocrx_word' id='word_1_5' title='bbox 1156 367 1194 424; x_wconf 76' lang='grc'><strong>93</strong></span> 
     </span>
    </p>
   </div>
   <div class='ocr_carea' id='block_1_2' title="bbox 179 502 1193 1117">
    <p class='ocr_par' dir='ltr' id='par_1_2' title="bbox 179 502 1193 1117">
     <span class='ocr_line' id='line_1_2' title="bbox 180 502 1140 586; baseline 0.009 -28"><span class='ocrx_word' id='word_1_6' title='bbox 180 508 333 579; x_wconf 80' lang='lat' dir='ltr'><strong>pertatem,</strong></span> <span class='ocrx_word' id='word_1_7' title='bbox 347 502 482 571; x_wconf 91' lang='lat' dir='ltr'><strong>dolorem,</strong></span> <span class='ocrx_word' id='word_1_8' title='bbox 497 505 674 564; x_wconf 88' lang='lat' dir='ltr'><strong>amissionem</strong></span> <span class='ocrx_word' id='word_1_9' title='bbox 690 506 775 564; x_wconf 88' lang='lat' dir='ltr'><strong>etiam</strong></span> <span class='ocrx_word' id='word_1_10' title='bbox 790 507 951 574; x_wconf 86' lang='lat' dir='ltr'><strong>liberorum,</strong></span> <span class='ocrx_word' id='word_1_11' title='bbox 968 508 1140 586; x_wconf 88' lang='lat' dir='ltr'><strong>propinquo-</strong></span> 
     </span>
     <span class='ocr_line' id='line_1_3' title="bbox 180 593 1193 674; baseline 0.01 -26"><span class='ocrx_word' id='word_1_12' title='bbox 180 610 256 659; x_wconf 90' lang='lat' dir='ltr'><strong>rum,</strong></span> <span class='ocrx_word' id='word_1_13' title='bbox 278 593 442 660; x_wconf 84' lang='lat' dir='ltr'><strong>amicorum,</strong></span> <span class='ocrx_word' id='word_1_14' title='bbox 464 612 549 669; x_wconf 89' lang='lat' dir='ltr'><strong>quam</strong></span> <span class='ocrx_word' id='word_1_15' title='bbox 573 595 666 652; x_wconf 83' lang='lat' dir='ltr'><strong>lacere</strong></span> <span class='ocrx_word' id='word_1_16' title='bbox 690 595 813 672; x_wconf 88' lang='lat' dir='ltr'><strong>cuipiam</strong></span> <span class='ocrx_word' id='word_1_17' title='bbox 839 596 978 674; x_wconf 89' lang='lat' dir='ltr'><strong>injuriam.</strong></span> <span class='ocrx_word' id='word_1_18' title='bbox 1020 598 1051 655; x_wconf 81' lang='lat' dir='ltr'><strong>si</strong></span> <span class='ocrx_word' id='word_1_19' title='bbox 1072 600 1140 656; x_wconf 88' lang='lat' dir='ltr'>nihil</span> <span class='ocrx_word' id='word_1_20' title='bbox 1156 604 1193 658; x_wconf 82' lang='lat'><strong>14</strong></span> 
     </span>
     <span class='ocr_line' id='line_1_4' title="bbox 180 681 1142 763; baseline 0.008 -25"><span class='ocrx_word' id='word_1_21' title='bbox 180 681 326 738; x_wconf 86' lang='lat' dir='ltr'><strong>existimat</strong></span> <span class='ocrx_word' id='word_1_22' title='bbox 339 689 437 739; x_wconf 89' lang='lat' dir='ltr'><strong>contra</strong></span> <span class='ocrx_word' id='word_1_23' title='bbox 450 690 580 740; x_wconf 89' lang='lat' dir='ltr'><strong>naturam</strong></span> <span class='ocrx_word' id='word_1_24' title='bbox 594 685 653 740; x_wconf 88' lang='lat' dir='ltr'><strong>fieri</strong></span> <span class='ocrx_word' id='word_1_25' title='bbox 665 685 825 742; x_wconf 89' lang='lat' dir='ltr'><strong>hominibus</strong></span> <span class='ocrx_word' id='word_1_26' title='bbox 839 686 983 751; x_wconf 88' lang='lat' dir='ltr'><strong>violandis,</strong></span> <span class='ocrx_word' id='word_1_27' title='bbox 995 686 1063 763; x_wconf 90' lang='lat' dir='ltr'><strong>quid</strong></span> <span class='ocrx_word' id='word_1_28' title='bbox 1076 689 1142 746; x_wconf 86' lang='lat' dir='ltr'><strong>curn</strong></span> 
     </span>
     <span class='ocr_line' id='line_1_5' title="bbox 180 770 1192 847; baseline 0.01 -20"><span class='ocrx_word' id='word_1_29' title='bbox 180 789 217 827; x_wconf 86' lang='lat' dir='ltr'><strong>eo</strong></span> <span class='ocrx_word' id='word_1_30' title='bbox 231 770 360 836; x_wconf 76' lang='lat' dir='ltr'>disseras,</span> <span class='ocrx_word' id='word_1_31' title='bbox 375 771 422 847; x_wconf 91' lang='lat' dir='ltr'><strong>qui</strong></span> <span class='ocrx_word' id='word_1_32' title='bbox 436 773 548 829; x_wconf 89' lang='lat' dir='ltr'><strong>omnino</strong></span> <span class='ocrx_word' id='word_1_33' title='bbox 562 773 704 830; x_wconf 90' lang='lat' dir='ltr'><strong>hominem</strong></span> <span class='ocrx_word' id='word_1_34' title='bbox 719 792 754 830; x_wconf 88' lang='lat' dir='ltr'><strong>ex</strong></span> <span class='ocrx_word' id='word_1_35' title='bbox 768 774 879 831; x_wconf 89' lang='lat' dir='ltr'><strong>homine</strong></span> <span class='ocrx_word' id='word_1_36' title='bbox 893 775 998 832; x_wconf 79' lang='lat' dir='ltr'><strong>tollat?</strong></span> <span class='ocrx_word' id='word_1_37' title='bbox 1033 775 1083 832; x_wconf 83' lang='lat' dir='ltr'><strong>Sin</strong></span> <span class='ocrx_word' id='word_1_38' title='bbox 1096 777 1140 834; x_wconf 87' lang='lat' dir='ltr'><strong>fu·</strong></span> <span class='ocrx_word' id='word_1_39' title='bbox 1157 783 1192 838; x_wconf 84' lang='lat'><strong>15</strong></span> 
     </span>
     <span class='ocr_line' id='line_1_6' title="bbox 180 859 1140 941; baseline 0.007 -26"><span class='ocrx_word' id='word_1_40' title='bbox 180 859 318 936; x_wconf 87' lang='lat' dir='ltr'><strong>giendum</strong></span> <span class='ocrx_word' id='word_1_41' title='bbox 341 859 372 916; x_wconf 95' lang='lat' dir='ltr'><strong>id</strong></span> <span class='ocrx_word' id='word_1_42' title='bbox 394 861 509 937; x_wconf 93' lang='lat' dir='ltr'><strong>quidem</strong></span> <span class='ocrx_word' id='word_1_43' title='bbox 532 868 635 928; x_wconf 88' lang='lat' dir='ltr'><strong>censet,</strong></span> <span class='ocrx_word' id='word_1_44' title='bbox 651 863 702 919; x_wconf 88' lang='lat' dir='ltr'><strong>sed</strong></span> <span class='ocrx_word' id='word_1_45' title='bbox 721 863 812 920; x_wconf 90' lang='lat' dir='ltr'><strong>multo</strong></span> <span class='ocrx_word' id='word_1_46' title='bbox 825 863 873 920; x_wconf 83' lang='lat' dir='ltr'><strong>illa</strong></span> <span class='ocrx_word' id='word_1_47' title='bbox 887 864 994 941; x_wconf 84' lang='lat' dir='ltr'><strong>pejora,</strong></span> <span class='ocrx_word' id='word_1_48' title='bbox 1009 872 1140 934; x_wconf 85' lang='lat' dir='ltr'><strong>mortem,</strong></span> 
     </span>
     <span class='ocr_line' id='line_1_7' title="bbox 180 949 1142 1032; baseline 0.009 -29"><span class='ocrx_word' id='word_1_49' title='bbox 180 955 390 1025; x_wconf 75' lang='lat' dir='ltr'><strong>paupertatem,</strong></span> <span class='ocrx_word' id='word_1_50' title='bbox 405 949 550 1016; x_wconf 88' lang='lat' dir='ltr'><strong>dolorem;</strong></span> <span class='ocrx_word' id='word_1_51' title='bbox 571 957 646 1008; x_wconf 82' lang='lat' dir='ltr'><strong>errat</strong></span> <span class='ocrx_word' id='word_1_52' title='bbox 658 951 687 1007; x_wconf 91' lang='lat' dir='ltr'><strong>in</strong></span> <span class='ocrx_word' id='word_1_53' title='bbox 701 971 744 1018; x_wconf 89' lang='lat' dir='ltr'><strong>eo,</strong></span> <span class='ocrx_word' id='word_1_54' title='bbox 758 951 836 1027; x_wconf 92' lang='lat' dir='ltr'><strong>quod</strong></span> <span class='ocrx_word' id='word_1_55' title='bbox 850 952 940 1008; x_wconf 91' lang='lat' dir='ltr'><strong>ullum</strong></span> <span class='ocrx_word' id='word_1_56' title='bbox 953 959 1003 1010; x_wconf 87' lang='lat' dir='ltr'><strong>aut</strong></span> <span class='ocrx_word' id='word_1_57' title='bbox 1016 954 1142 1032; x_wconf 83' lang='lat' dir='ltr'><strong>corporis</strong></span> 
     </span>
     <span class='ocr_line' id='line_1_8' title="bbox 179 1038 954 1117; baseline 0.009 -25"><span class='ocrx_word' id='word_1_58' title='bbox 179 1044 232 1094; x_wconf 87' lang='lat' dir='ltr'><strong>aut</strong></span> <span class='ocrx_word' id='word_1_59' title='bbox 244 1038 366 1096; x_wconf 80' lang='lat' dir='ltr'><strong>fortunae</strong></span> <span class='ocrx_word' id='word_1_60' title='bbox 380 1039 479 1097; x_wconf 89' lang='lat' dir='ltr'><strong>vitium</strong></span> <span class='ocrx_word' id='word_1_61' title='bbox 492 1039 564 1098; x_wconf 88' lang='lat' dir='ltr'><strong>vitiis</strong></span> <span class='ocrx_word' id='word_1_62' title='bbox 578 1039 662 1106; x_wconf 82' lang='lat' dir='ltr'><strong>animi</strong></span> <span class='ocrx_word' id='word_1_63' title='bbox 675 1040 788 1117; x_wconf 85' lang='lat' dir='ltr'><strong>gravius</strong></span> <span class='ocrx_word' id='word_1_64' title='bbox 803 1040 954 1100; x_wconf 84' lang='lat' dir='ltr'><strong>existimat.</strong></span> 
     </span>
    </p>
   </div>
   <div class='ocr_carea' id='block_1_3' title="bbox 102 1216 1231 3782">
    <p class='ocr_par' dir='ltr' id='par_1_3' title="bbox 102 1216 1231 3782">
     <span class='ocr_line' id='line_1_9' title="bbox 171 1216 1141 1295; baseline 0.008 -24"><span class='ocrx_word' id='word_1_65' title='bbox 171 1260 176 1270; x_wconf 93' lang='grc'><em>,</em></span> <span class='ocrx_word' id='word_1_66' title='bbox 196 1219 200 1226; x_wconf 89' lang='grc'><strong>’</strong></span> <span class='ocrx_word' id='word_1_67' title='bbox 221 1216 274 1274; x_wconf 80' lang='lat' dir='ltr'><strong>Vl.</strong></span> <span class='ocrx_word' id='word_1_68' title='bbox 289 1217 367 1295; x_wconf 85' lang='lat' dir='ltr'><strong>Ergo</strong></span> <span class='ocrx_word' id='word_1_69' title='bbox 376 1237 465 1275; x_wconf 91' lang='lat' dir='ltr'><strong>unum</strong></span> <span class='ocrx_word' id='word_1_70' title='bbox 475 1217 560 1275; x_wconf 87' lang='lat' dir='ltr'><strong>debet</strong></span> <span class='ocrx_word' id='word_1_71' title='bbox 571 1236 632 1276; x_wconf 85' lang='lat' dir='ltr'><strong>csse</strong></span> <span class='ocrx_word' id='word_1_72' title='bbox 643 1218 771 1276; x_wconf 90' lang='lat' dir='ltr'><strong>omnibus</strong></span> <span class='ocrx_word' id='word_1_73' title='bbox 781 1218 966 1295; x_wconf 88' lang='lat' dir='ltr'><strong>propositum,</strong></span> <span class='ocrx_word' id='word_1_74' title='bbox 975 1225 1007 1276; x_wconf 85' lang='lat' dir='ltr'><strong>ut</strong></span> <span class='ocrx_word' id='word_1_75' title='bbox 1017 1219 1141 1279; x_wconf 87' lang='lat' dir='ltr'><strong>eadem</strong></span> 
     </span>
     <span class='ocr_line' id='line_1_10' title="bbox 180 1306 1140 1386; baseline 0.005 -24"><span class='ocrx_word' id='word_1_76' title='bbox 180 1306 231 1363; x_wconf 91' lang='lat' dir='ltr'><strong>sit</strong></span> <span class='ocrx_word' id='word_1_77' title='bbox 247 1307 390 1364; x_wconf 84' lang='lat' dir='ltr'><strong>utilitas</strong></span> <span class='ocrx_word' id='word_1_78' title='bbox 407 1308 694 1384; x_wconf 87' lang='lat' dir='ltr'><strong>uniuscujusque</strong></span> <span class='ocrx_word' id='word_1_79' title='bbox 710 1313 744 1364; x_wconf 85' lang='lat' dir='ltr'><strong>et</strong></span> <span class='ocrx_word' id='word_1_80' title='bbox 765 1308 1028 1366; x_wconf 86' lang='lat' dir='ltr'><strong>universorum:</strong></span> <span class='ocrx_word' id='word_1_81' title='bbox 1054 1329 1140 1386; x_wconf 91' lang='lat' dir='ltr'><strong>quam</strong></span> 
     </span>
     <span class='ocr_line' id='line_1_11' title="bbox 172 1391 1139 1473; baseline 0.004 -21"><span class='ocrx_word' id='word_1_82' title='bbox 172 1391 206 1452; x_wconf 60' lang='lat' dir='ltr'><strong>*si</strong></span> <span class='ocrx_word' id='word_1_83' title='bbox 218 1396 256 1452; x_wconf 82' lang='lat' dir='ltr'><strong>ad</strong></span> <span class='ocrx_word' id='word_1_84' title='bbox 270 1415 300 1453; x_wconf 87' lang='lat' dir='ltr'><strong>se</strong></span> <span class='ocrx_word' id='word_1_85' title='bbox 314 1397 431 1473; x_wconf 89' lang='lat' dir='ltr'><strong>quisque</strong></span> <span class='ocrx_word' id='word_1_86' title='bbox 445 1397 543 1473; x_wconf 83' lang='lat' dir='ltr'><strong>rapiet,</strong></span> <span class='ocrx_word' id='word_1_87' title='bbox 558 1397 728 1454; x_wconf 84' lang='lat' dir='ltr'><strong>dissolvetur</strong></span> <span class='ocrx_word' id='word_1_88' title='bbox 747 1396 836 1453; x_wconf 87' lang='lat' dir='ltr'><strong>omnis</strong></span> <span class='ocrx_word' id='word_1_89' title='bbox 856 1397 979 1454; x_wconf 88' lang='lat' dir='ltr'><strong>humana</strong></span> <span class='ocrx_word' id='word_1_90' title='bbox 993 1399 1139 1456; x_wconf 79' lang='lat' dir='ltr'><strong>consortie.</strong></span> 
     </span>
     <span class='ocr_line' id='line_1_12' title="bbox 173 1485 1172 1564; baseline 0.005 -23"><span class='ocrx_word' id='word_1_91' title='bbox 173 1485 279 1562; x_wconf 69' lang='lat' dir='ltr'><strong>Atque</strong></span> <span class='ocrx_word' id='word_1_92' title='bbox 294 1485 387 1553; x_wconf 85' lang='lat' dir='ltr'><strong>etiam,</strong></span> <span class='ocrx_word' id='word_1_93' title='bbox 402 1486 425 1542; x_wconf 88' lang='lat' dir='ltr'><strong>si</strong></span> <span class='ocrx_word' id='word_1_94' title='bbox 438 1486 493 1543; x_wconf 92' lang='lat' dir='ltr'><strong>hoc</strong></span> <span class='ocrx_word' id='word_1_95' title='bbox 506 1493 607 1542; x_wconf 82' lang='lat' dir='ltr'><strong>natura</strong></span> <span class='ocrx_word' id='word_1_96' title='bbox 627 1485 791 1564; x_wconf 76' lang='lat' dir='ltr'><strong>praescribit,</strong></span> <span class='ocrx_word' id='word_1_97' title='bbox 807 1492 840 1542; x_wconf 92' lang='lat' dir='ltr'><strong>ut</strong></span> <span class='ocrx_word' id='word_1_98' title='bbox 853 1486 938 1542; x_wconf 93' lang='lat' dir='ltr'><strong>homo</strong></span> <span class='ocrx_word' id='word_1_99' title='bbox 951 1486 1065 1554; x_wconf 88' lang='lat' dir='ltr'><strong>homini,</strong></span> <span class='ocrx_word' id='word_1_100' title='bbox 1080 1487 1139 1564; x_wconf 91' lang='lat' dir='ltr'><strong>qui-</strong></span> <span class='ocrx_word' id='word_1_101' title='bbox 1154 1493 1172 1546; x_wconf 75' lang='lat'><strong>2</strong></span> 
     </span>
     <span class='ocr_line' id='line_1_13' title="bbox 181 1574 1140 1651; baseline 0.003 -21"><span class='ocrx_word' id='word_1_102' title='bbox 181 1593 292 1649; x_wconf 90' lang='lat' dir='ltr'><strong>cunque</strong></span> <span class='ocrx_word' id='word_1_103' title='bbox 307 1574 350 1641; x_wconf 90' lang='lat' dir='ltr'><strong>sit,</strong></span> <span class='ocrx_word' id='word_1_104' title='bbox 366 1575 402 1632; x_wconf 95' lang='lat' dir='ltr'><strong>ob</strong></span> <span class='ocrx_word' id='word_1_105' title='bbox 417 1593 478 1631; x_wconf 87' lang='lat' dir='ltr'><strong>eam</strong></span> <span class='ocrx_word' id='word_1_106' title='bbox 499 1574 589 1651; x_wconf 81' lang='lat' dir='ltr'><strong>ipsam</strong></span> <span class='ocrx_word' id='word_1_107' title='bbox 604 1593 727 1642; x_wconf 87' lang='lat' dir='ltr'><strong>causam,</strong></span> <span class='ocrx_word' id='word_1_108' title='bbox 742 1574 819 1651; x_wconf 91' lang='lat' dir='ltr'><strong>quod</strong></span> <span class='ocrx_word' id='word_1_109' title='bbox 832 1574 856 1631; x_wconf 86' lang='lat' dir='ltr'><strong>is</strong></span> <span class='ocrx_word' id='word_1_110' title='bbox 869 1574 955 1631; x_wconf 92' lang='lat' dir='ltr'><strong>homo</strong></span> <span class='ocrx_word' id='word_1_111' title='bbox 969 1575 1014 1642; x_wconf 85' lang='lat' dir='ltr'><strong>sit,</strong></span> <span class='ocrx_word' id='word_1_112' title='bbox 1029 1576 1140 1633; x_wconf 87' lang='lat' dir='ltr'><strong>consul·</strong></span> 
     </span>
     <span class='ocr_line' id='line_1_14' title="bbox 171 1663 1140 1730; baseline 0.005 -11"><span class='ocrx_word' id='word_1_113' title='bbox 171 1667 242 1720; x_wconf 75' lang='lat' dir='ltr'><strong>tum</strong></span> <span class='ocrx_word' id='word_1_114' title='bbox 257 1663 333 1730; x_wconf 83' lang='lat' dir='ltr'><strong>velit,</strong></span> <span class='ocrx_word' id='word_1_115' title='bbox 348 1681 462 1721; x_wconf 86' lang='lat' dir='ltr'><strong>necesse</strong></span> <span class='ocrx_word' id='word_1_116' title='bbox 483 1671 526 1720; x_wconf 88' lang='lat' dir='ltr'><strong>est</strong></span> <span class='ocrx_word' id='word_1_117' title='bbox 546 1663 702 1720; x_wconf 87' lang='lat' dir='ltr'><strong>secundum</strong></span> <span class='ocrx_word' id='word_1_118' title='bbox 724 1664 843 1722; x_wconf 88' lang='lat' dir='ltr'><strong>eandem</strong></span> <span class='ocrx_word' id='word_1_119' title='bbox 864 1671 995 1722; x_wconf 83' lang='lat' dir='ltr'><strong>naturam</strong></span> <span class='ocrx_word' id='word_1_120' title='bbox 1015 1665 1140 1724; x_wconf 89' lang='lat' dir='ltr'><strong>omnium</strong></span> 
     </span>
     <span class='ocr_line' id='line_1_15' title="bbox 164 1752 1171 1820; baseline 0.005 -12"><span class='ocrx_word' id='word_1_121' title='bbox 164 1752 330 1809; x_wconf 66' lang='lat' dir='ltr'><strong>utilitatem</strong></span> <span class='ocrx_word' id='word_1_122' title='bbox 344 1771 406 1810; x_wconf 86' lang='lat' dir='ltr'><strong>esse</strong></span> <span class='ocrx_word' id='word_1_123' title='bbox 420 1772 606 1810; x_wconf 88' lang='lat' dir='ltr'><strong>communem.</strong></span> <span class='ocrx_word' id='word_1_124' title='bbox 641 1752 726 1820; x_wconf 79' lang='lat' dir='ltr'><strong>Quod</strong></span> <span class='ocrx_word' id='word_1_125' title='bbox 742 1753 765 1810; x_wconf 85' lang='lat' dir='ltr'><strong>si</strong></span> <span class='ocrx_word' id='word_1_126' title='bbox 778 1753 818 1810; x_wconf 87' lang='lat' dir='ltr'><strong>ita</strong></span> <span class='ocrx_word' id='word_1_127' title='bbox 831 1761 951 1818; x_wconf 76' lang='lat' dir='ltr'><strong>estune</strong></span> <span class='ocrx_word' id='word_1_128' title='bbox 965 1754 1140 1812; x_wconf 83' lang='lat' dir='ltr'><strong>continemur</strong></span> <span class='ocrx_word' id='word_1_129' title='bbox 1154 1761 1171 1813; x_wconf 81' lang='lat'>3</span> 
     </span>
     <span class='ocr_line' id='line_1_16' title="bbox 165 1835 1140 1919; baseline 0.004 -21"><span class='ocrx_word' id='word_1_130' title='bbox 165 1835 279 1898; x_wconf 66' lang='lat' dir='ltr'><strong>”omnes</strong></span> <span class='ocrx_word' id='word_1_131' title='bbox 293 1848 322 1898; x_wconf 92' lang='lat' dir='ltr'><strong>et</strong></span> <span class='ocrx_word' id='word_1_132' title='bbox 338 1843 438 1898; x_wconf 86' lang='lat' dir='ltr'><strong>eadem</strong></span> <span class='ocrx_word' id='word_1_133' title='bbox 459 1841 522 1919; x_wconf 87' lang='lat' dir='ltr'><strong>lege</strong></span> <span class='ocrx_word' id='word_1_134' title='bbox 543 1850 671 1899; x_wconf 87' lang='lat' dir='ltr'><strong>naturae:</strong></span> <span class='ocrx_word' id='word_1_135' title='bbox 692 1841 778 1917; x_wconf 91' lang='lat' dir='ltr'><strong>idque</strong></span> <span class='ocrx_word' id='word_1_136' title='bbox 800 1841 893 1919; x_wconf 83' lang='lat' dir='ltr'><strong>ipsum</strong></span> <span class='ocrx_word' id='word_1_137' title='bbox 907 1843 930 1899; x_wconf 84' lang='lat' dir='ltr'><strong>si</strong></span> <span class='ocrx_word' id='word_1_138' title='bbox 943 1843 983 1899; x_wconf 89' lang='lat' dir='ltr'><strong>ita</strong></span> <span class='ocrx_word' id='word_1_139' title='bbox 996 1850 1048 1910; x_wconf 86' lang='lat' dir='ltr'><strong>est,</strong></span> <span class='ocrx_word' id='word_1_140' title='bbox 1064 1850 1140 1902; x_wconf 85' lang='lat' dir='ltr'><strong>certo</strong></span> 
     </span>
     <span class='ocr_line' id='line_1_17' title="bbox 180 1930 1139 2009; baseline 0.003 -23"><span class='ocrx_word' id='word_1_141' title='bbox 180 1930 283 1986; x_wconf 83' lang='lat' dir='ltr'><strong>violare</strong></span> <span class='ocrx_word' id='word_1_142' title='bbox 298 1930 417 1988; x_wconf 89' lang='lat' dir='ltr'><strong>alterum</strong></span> <span class='ocrx_word' id='word_1_143' title='bbox 432 1938 540 1988; x_wconf 83' lang='lat' dir='ltr'><strong>naturae</strong></span> <span class='ocrx_word' id='word_1_144' title='bbox 555 1931 618 2008; x_wconf 86' lang='lat' dir='ltr'><strong>lege</strong></span> <span class='ocrx_word' id='word_1_145' title='bbox 633 1931 823 2008; x_wconf 86' lang='lat' dir='ltr'><strong>prohibemur.</strong></span> <span class='ocrx_word' id='word_1_146' title='bbox 858 1931 967 1988; x_wconf 88' lang='lat' dir='ltr'><strong>Verum</strong></span> <span class='ocrx_word' id='word_1_147' title='bbox 977 1939 1073 1989; x_wconf 87' lang='lat' dir='ltr'><strong>autem</strong></span> <span class='ocrx_word' id='word_1_148' title='bbox 1085 1931 1139 2009; x_wconf 92' lang='lat' dir='ltr'><strong>pri·</strong></span> 
     </span>
     <span class='ocr_line' id='line_1_18' title="bbox 180 2019 1172 2098; baseline 0.003 -23"><span class='ocrx_word' id='word_1_149' title='bbox 180 2037 267 2085; x_wconf 88' lang='lat' dir='ltr'><strong>mum,</strong></span> <span class='ocrx_word' id='word_1_150' title='bbox 279 2038 376 2076; x_wconf 87' lang='lat' dir='ltr'><strong>verum</strong></span> <span class='ocrx_word' id='word_1_151' title='bbox 389 2020 476 2098; x_wconf 84' lang='lat' dir='ltr'><strong>igitur</strong></span> <span class='ocrx_word' id='word_1_152' title='bbox 487 2027 650 2076; x_wconf 85' lang='lat' dir='ltr'><strong>extremum.</strong></span> <span class='ocrx_word' id='word_1_153' title='bbox 683 2019 759 2076; x_wconf 87' lang='lat' dir='ltr'><strong>Nam</strong></span> <span class='ocrx_word' id='word_1_154' title='bbox 772 2019 843 2076; x_wconf 90' lang='lat' dir='ltr'><strong>illud</strong></span> <span class='ocrx_word' id='word_1_155' title='bbox 857 2019 971 2095; x_wconf 88' lang='lat' dir='ltr'><strong>quidem</strong></span> <span class='ocrx_word' id='word_1_156' title='bbox 985 2021 1140 2078; x_wconf 89' lang='lat' dir='ltr'><strong>absurdum</strong></span> <span class='ocrx_word' id='word_1_157' title='bbox 1154 2024 1172 2078; x_wconf 82' lang='lat'>4</span> 
     </span>
     <span class='ocr_line' id='line_1_19' title="bbox 180 2107 1151 2185; baseline 0.001 -20"><span class='ocrx_word' id='word_1_158' title='bbox 180 2115 232 2174; x_wconf 89' lang='lat' dir='ltr'><strong>est,</strong></span> <span class='ocrx_word' id='word_1_159' title='bbox 242 2107 318 2184; x_wconf 88' lang='lat' dir='ltr'><strong>quod</strong></span> <span class='ocrx_word' id='word_1_160' title='bbox 330 2109 445 2183; x_wconf 84' lang='lat' dir='ltr'><strong>quidam</strong></span> <span class='ocrx_word' id='word_1_161' title='bbox 460 2108 566 2174; x_wconf 89' lang='lat' dir='ltr'><strong>dicunt,</strong></span> <span class='ocrx_word' id='word_1_162' title='bbox 577 2107 686 2185; x_wconf 86' lang='lat' dir='ltr'><strong>parenti</strong></span> <span class='ocrx_word' id='word_1_163' title='bbox 696 2127 726 2164; x_wconf 89' lang='lat' dir='ltr'><strong>se</strong></span> <span class='ocrx_word' id='word_1_164' title='bbox 737 2115 787 2164; x_wconf 87' lang='lat' dir='ltr'><strong>aut</strong></span> <span class='ocrx_word' id='word_1_165' title='bbox 797 2108 877 2164; x_wconf 85' lang='lat' dir='ltr'><strong>fratri</strong></span> <span class='ocrx_word' id='word_1_166' title='bbox 887 2108 954 2164; x_wconf 88' lang='lat' dir='ltr'><strong>nihil</strong></span> <span class='ocrx_word' id='word_1_167' title='bbox 964 2107 1151 2166; x_wconf 80' lang='lat' dir='ltr'><strong>detracturos</strong></span> 
     </span>
     <span class='ocr_line' id='line_1_20' title="bbox 180 2196 1137 2272; baseline 0.003 -20"><span class='ocrx_word' id='word_1_168' title='bbox 180 2197 224 2253; x_wconf 91' lang='lat' dir='ltr'><strong>sui</strong></span> <span class='ocrx_word' id='word_1_169' title='bbox 238 2197 376 2253; x_wconf 91' lang='lat' dir='ltr'><strong>commodi</strong></span> <span class='ocrx_word' id='word_1_170' title='bbox 390 2216 492 2264; x_wconf 86' lang='lat' dir='ltr'><strong>causa;</strong></span> <span class='ocrx_word' id='word_1_171' title='bbox 512 2197 596 2253; x_wconf 83' lang='lat' dir='ltr'><strong>aliam</strong></span> <span class='ocrx_word' id='word_1_172' title='bbox 609 2197 746 2254; x_wconf 83' lang='lat' dir='ltr'><strong>rationem</strong></span> <span class='ocrx_word' id='word_1_173' title='bbox 760 2215 821 2253; x_wconf 87' lang='lat' dir='ltr'><strong>csse</strong></span> <span class='ocrx_word' id='word_1_174' title='bbox 838 2196 939 2253; x_wconf 88' lang='lat' dir='ltr'><strong>civium</strong></span> <span class='ocrx_word' id='word_1_175' title='bbox 959 2196 1137 2272; x_wconf 89' lang='lat' dir='ltr'><strong>reliquorum.</strong></span> 
     </span>
     <span class='ocr_line' id='line_1_21' title="bbox 180 2285 1171 2362; baseline 0.004 -20"><span class='ocrx_word' id='word_1_176' title='bbox 180 2285 219 2342; x_wconf 92' lang='lat' dir='ltr'><strong>Hi</strong></span> <span class='ocrx_word' id='word_1_177' title='bbox 243 2285 295 2342; x_wconf 89' lang='lat' dir='ltr'><strong>sibi</strong></span> <span class='ocrx_word' id='word_1_178' title='bbox 318 2286 385 2343; x_wconf 90' lang='lat' dir='ltr'><strong>nihil</strong></span> <span class='ocrx_word' id='word_1_179' title='bbox 411 2286 490 2362; x_wconf 86' lang='lat' dir='ltr'><strong>juris,</strong></span> <span class='ocrx_word' id='word_1_180' title='bbox 516 2286 623 2342; x_wconf 87' lang='lat' dir='ltr'><strong>nullam</strong></span> <span class='ocrx_word' id='word_1_181' title='bbox 647 2285 810 2342; x_wconf 84' lang='lat' dir='ltr'><strong>societatem</strong></span> <span class='ocrx_word' id='word_1_182' title='bbox 834 2285 989 2342; x_wconf 85' lang='lat' dir='ltr'><strong>communis</strong></span> <span class='ocrx_word' id='word_1_183' title='bbox 1014 2285 1171 2346; x_wconf 79' lang='lat' dir='ltr'><strong>utilitatiss</strong></span> 
     </span>
     <span class='ocr_line' id='line_1_22' title="bbox 180 2373 1140 2448; baseline -0.002 -16"><span class='ocrx_word' id='word_1_184' title='bbox 180 2393 266 2432; x_wconf 85' lang='lat' dir='ltr'><strong>causa</strong></span> <span class='ocrx_word' id='word_1_185' title='bbox 280 2382 408 2432; x_wconf 85' lang='lat' dir='ltr'><strong>statuunt</strong></span> <span class='ocrx_word' id='word_1_186' title='bbox 421 2393 482 2432; x_wconf 85' lang='lat' dir='ltr'><strong>esse</strong></span> <span class='ocrx_word' id='word_1_187' title='bbox 503 2393 569 2430; x_wconf 91' lang='lat' dir='ltr'><strong>cum</strong></span> <span class='ocrx_word' id='word_1_188' title='bbox 591 2374 714 2441; x_wconf 89' lang='lat' dir='ltr'><strong>civibus;</strong></span> <span class='ocrx_word' id='word_1_189' title='bbox 736 2393 800 2448; x_wconf 86' lang='lat' dir='ltr'><strong>quae</strong></span> <span class='ocrx_word' id='word_1_190' title='bbox 819 2373 956 2430; x_wconf 87' lang='lat' dir='ltr'><strong>sententia</strong></span> <span class='ocrx_word' id='word_1_191' title='bbox 969 2391 1082 2430; x_wconf 89' lang='lat' dir='ltr'><strong>omnem</strong></span> <span class='ocrx_word' id='word_1_192' title='bbox 1096 2393 1140 2430; x_wconf 90' lang='lat' dir='ltr'><strong>so-</strong></span> 
     </span>
     <span class='ocr_line' id='line_1_23' title="bbox 180 2461 1172 2533; baseline 0.002 -13"><span class='ocrx_word' id='word_1_193' title='bbox 180 2463 310 2521; x_wconf 87' lang='lat' dir='ltr'><strong>cietatem</strong></span> <span class='ocrx_word' id='word_1_194' title='bbox 332 2463 462 2521; x_wconf 85' lang='lat' dir='ltr'><strong>distrahit</strong></span> <span class='ocrx_word' id='word_1_195' title='bbox 484 2463 610 2520; x_wconf 85' lang='lat' dir='ltr'><strong>civitatis.</strong></span> <span class='ocrx_word' id='word_1_196' title='bbox 653 2463 707 2530; x_wconf 82' lang='lat' dir='ltr'><strong>Qui</strong></span> <span class='ocrx_word' id='word_1_197' title='bbox 721 2469 817 2533; x_wconf 84' lang='lat' dir='ltr'><strong>autem</strong></span> <span class='ocrx_word' id='word_1_198' title='bbox 831 2461 932 2518; x_wconf 90' lang='lat' dir='ltr'><strong>civium</strong></span> <span class='ocrx_word' id='word_1_199' title='bbox 946 2462 1084 2518; x_wconf 87' lang='lat' dir='ltr'><strong>rationem</strong></span> <span class='ocrx_word' id='word_1_200' title='bbox 1098 2463 1138 2520; x_wconf 90' lang='lat' dir='ltr'><strong>di·</strong></span> <span class='ocrx_word' id='word_1_201' title='bbox 1154 2469 1172 2522; x_wconf 84' lang='lat'><strong>6</strong></span> 
     </span>
     <span class='ocr_line' id='line_1_24' title="bbox 180 2550 1140 2629; baseline 0.001 -20"><span class='ocrx_word' id='word_1_202' title='bbox 180 2560 247 2610; x_wconf 87' lang='lat' dir='ltr'><strong>cunt</strong></span> <span class='ocrx_word' id='word_1_203' title='bbox 268 2552 437 2619; x_wconf 82' lang='lat' dir='ltr'><strong>habendam,</strong></span> <span class='ocrx_word' id='word_1_204' title='bbox 452 2559 632 2608; x_wconf 83' lang='lat' dir='ltr'><strong>externorum</strong></span> <span class='ocrx_word' id='word_1_205' title='bbox 653 2558 767 2629; x_wconf 87' lang='lat' dir='ltr'><strong>negant,</strong></span> <span class='ocrx_word' id='word_1_206' title='bbox 782 2551 800 2608; x_wconf 93' lang='lat' dir='ltr'><strong>ii</strong></span> <span class='ocrx_word' id='word_1_207' title='bbox 814 2550 948 2608; x_wconf 90' lang='lat' dir='ltr'><strong>dirimunt</strong></span> <span class='ocrx_word' id='word_1_208' title='bbox 962 2559 1140 2610; x_wconf 88' lang='lat' dir='ltr'><strong>communem</strong></span> 
     </span>
     <span class='ocr_line' id='line_1_25' title="bbox 180 2639 1138 2719; baseline -0.002 -21"><span class='ocrx_word' id='word_1_209' title='bbox 180 2641 295 2698; x_wconf 87' lang='lat' dir='ltr'><strong>humani</strong></span> <span class='ocrx_word' id='word_1_210' title='bbox 307 2642 416 2719; x_wconf 86' lang='lat' dir='ltr'><strong>generis</strong></span> <span class='ocrx_word' id='word_1_211' title='bbox 431 2641 592 2698; x_wconf 87' lang='lat' dir='ltr'><strong>societatem</strong></span> <span class='ocrx_word' id='word_1_212' title='bbox 600 2661 607 2708; x_wconf 92' lang='lat'>;</span> <span class='ocrx_word' id='word_1_213' title='bbox 629 2660 685 2717; x_wconf 83' lang='lat' dir='ltr'><strong>qua</strong></span> <span class='ocrx_word' id='word_1_214' title='bbox 698 2641 819 2707; x_wconf 87' lang='lat' dir='ltr'><strong>sublata,</strong></span> <span class='ocrx_word' id='word_1_215' title='bbox 834 2639 1025 2706; x_wconf 85' lang='lat' dir='ltr'><strong>beneficentia,</strong></span> <span class='ocrx_word' id='word_1_216' title='bbox 1039 2640 1138 2697; x_wconf 86' lang='lat' dir='ltr'><strong>libera·</strong></span> 
     </span>
     <span class='ocr_line' id='line_1_26' title="bbox 179 2729 1138 2807; baseline -0.003 -19"><span class='ocrx_word' id='word_1_217' title='bbox 179 2730 251 2797; x_wconf 74' lang='lat' dir='ltr'><strong>litae,</strong></span> <span class='ocrx_word' id='word_1_218' title='bbox 276 2730 394 2797; x_wconf 69' lang='lat' dir='ltr'><strong>bonitas</strong></span> <span class='ocrx_word' id='word_1_219' title='bbox 417 2730 526 2807; x_wconf 85' lang='lat' dir='ltr'><strong>justitia</strong></span> <span class='ocrx_word' id='word_1_220' title='bbox 548 2730 677 2787; x_wconf 88' lang='lat' dir='ltr'><strong>funditus</strong></span> <span class='ocrx_word' id='word_1_221' title='bbox 700 2729 815 2786; x_wconf 89' lang='lat' dir='ltr'><strong>tollitur.</strong></span> <span class='ocrx_word' id='word_1_222' title='bbox 858 2729 930 2797; x_wconf 75' lang='lat' dir='ltr'><strong>Qua</strong></span> <span class='ocrx_word' id='word_1_223' title='bbox 953 2729 1002 2804; x_wconf 91' lang='lat' dir='ltr'><strong>qui</strong></span> <span class='ocrx_word' id='word_1_224' title='bbox 1028 2729 1138 2797; x_wconf 87' lang='lat' dir='ltr'><strong>tollunt,</strong></span> 
     </span>
     <span class='ocr_line' id='line_1_27' title="bbox 179 2817 1171 2894; baseline 0.002 -18"><span class='ocrx_word' id='word_1_225' title='bbox 179 2819 263 2876; x_wconf 87' lang='lat' dir='ltr'><strong>etiam</strong></span> <span class='ocrx_word' id='word_1_226' title='bbox 275 2819 409 2876; x_wconf 87' lang='lat' dir='ltr'><strong>adversus</strong></span> <span class='ocrx_word' id='word_1_227' title='bbox 424 2819 492 2876; x_wconf 89' lang='lat' dir='ltr'><strong>deos</strong></span> <span class='ocrx_word' id='word_1_228' title='bbox 507 2819 678 2876; x_wconf 90' lang='lat' dir='ltr'><strong>immortales</strong></span> <span class='ocrx_word' id='word_1_229' title='bbox 691 2818 768 2894; x_wconf 91' lang='lat' dir='ltr'><strong>impii</strong></span> <span class='ocrx_word' id='word_1_230' title='bbox 779 2817 925 2894; x_wconf 88' lang='lat' dir='ltr'><strong>judicandi</strong></span> <span class='ocrx_word' id='word_1_231' title='bbox 939 2825 1013 2875; x_wconf 78' lang='lat' dir='ltr'><strong>sunt.</strong></span> <span class='ocrx_word' id='word_1_232' title='bbox 1042 2817 1092 2876; x_wconf 89' lang='lat' dir='ltr'><strong>Ab</strong></span> <span class='ocrx_word' id='word_1_233' title='bbox 1106 2818 1138 2876; x_wconf 80' lang='lat' dir='ltr'><strong>iis</strong></span> <span class='ocrx_word' id='word_1_234' title='bbox 1154 2818 1171 2878; x_wconf 81' lang='grc'><strong>7</strong></span> 
     </span>
     <span class='ocr_line' id='line_1_28' title="bbox 180 2908 1140 2985; baseline 0.002 -21"><span class='ocrx_word' id='word_1_235' title='bbox 180 2908 252 2965; x_wconf 91' lang='lat' dir='ltr'><strong>enim</strong></span> <span class='ocrx_word' id='word_1_236' title='bbox 267 2909 448 2966; x_wconf 81' lang='lat' dir='ltr'><strong>constitutam</strong></span> <span class='ocrx_word' id='word_1_237' title='bbox 461 2908 533 2965; x_wconf 90' lang='lat' dir='ltr'><strong>inter</strong></span> <span class='ocrx_word' id='word_1_238' title='bbox 552 2908 680 2965; x_wconf 86' lang='lat' dir='ltr'><strong>homines</strong></span> <span class='ocrx_word' id='word_1_239' title='bbox 702 2908 865 2965; x_wconf 86' lang='lat' dir='ltr'><strong>societatem</strong></span> <span class='ocrx_word' id='word_1_240' title='bbox 888 2914 1035 2964; x_wconf 88' lang='lat' dir='ltr'><strong>evertunt:</strong></span> <span class='ocrx_word' id='word_1_241' title='bbox 1057 2909 1140 2985; x_wconf 83' lang='lat' dir='ltr'><strong>cujus</strong></span> 
     </span>
     <span class='ocr_line' id='line_1_29' title="bbox 180 2995 1138 3074; baseline -0.001 -20"><span class='ocrx_word' id='word_1_242' title='bbox 180 2997 318 3054; x_wconf 79' lang='lat' dir='ltr'><strong>societatis</strong></span> <span class='ocrx_word' id='word_1_243' title='bbox 333 2997 502 3054; x_wconf 86' lang='lat' dir='ltr'><strong>artissimum</strong></span> <span class='ocrx_word' id='word_1_244' title='bbox 516 2997 657 3054; x_wconf 87' lang='lat' dir='ltr'><strong>vinculum</strong></span> <span class='ocrx_word' id='word_1_245' title='bbox 672 3003 724 3063; x_wconf 88' lang='lat' dir='ltr'><strong>est,</strong></span> <span class='ocrx_word' id='word_1_246' title='bbox 739 2996 829 3074; x_wconf 85' lang='lat' dir='ltr'><strong>magis</strong></span> <span class='ocrx_word' id='word_1_247' title='bbox 850 2995 978 3053; x_wconf 89' lang='lat' dir='ltr'><strong>arbitrari</strong></span> <span class='ocrx_word' id='word_1_248' title='bbox 998 3014 1060 3053; x_wconf 85' lang='lat' dir='ltr'><strong>esse</strong></span> <span class='ocrx_word' id='word_1_249' title='bbox 1074 3014 1138 3053; x_wconf 91' lang='lat' dir='ltr'><strong>con-</strong></span> 
     </span>
     <span class='ocr_line' id='line_1_30' title="bbox 179 3084 1137 3153; baseline -0.002 -10"><span class='ocrx_word' id='word_1_250' title='bbox 179 3093 224 3143; x_wconf 87' lang='lat' dir='ltr'><strong>tra</strong></span> <span class='ocrx_word' id='word_1_251' title='bbox 235 3093 374 3153; x_wconf 87' lang='lat' dir='ltr'><strong>naturam,</strong></span> <span class='ocrx_word' id='word_1_252' title='bbox 389 3085 530 3142; x_wconf 91' lang='lat' dir='ltr'><strong>hominem</strong></span> <span class='ocrx_word' id='word_1_253' title='bbox 543 3085 649 3142; x_wconf 90' lang='lat' dir='ltr'><strong>homini</strong></span> <span class='ocrx_word' id='word_1_254' title='bbox 669 3085 816 3142; x_wconf 85' lang='lat' dir='ltr'><strong>detrahere</strong></span> <span class='ocrx_word' id='word_1_255' title='bbox 832 3084 875 3140; x_wconf 87' lang='lat' dir='ltr'><strong>sui</strong></span> <span class='ocrx_word' id='word_1_256' title='bbox 889 3084 1030 3141; x_wconf 80' lang='lat' dir='ltr'><strong>commodi</strong></span> <span class='ocrx_word' id='word_1_257' title='bbox 1044 3103 1137 3152; x_wconf 84' lang='lat' dir='ltr'><strong>causa,</strong></span> 
     </span>
     <span class='ocr_line' id='line_1_31' title="bbox 180 3173 1138 3252; baseline -0.001 -21"><span class='ocrx_word' id='word_1_258' title='bbox 180 3193 264 3252; x_wconf 92' lang='lat' dir='ltr'><strong>quam</strong></span> <span class='ocrx_word' id='word_1_259' title='bbox 279 3175 370 3232; x_wconf 89' lang='lat' dir='ltr'><strong>omnia</strong></span> <span class='ocrx_word' id='word_1_260' title='bbox 384 3173 562 3230; x_wconf 88' lang='lat' dir='ltr'><strong>incommoda</strong></span> <span class='ocrx_word' id='word_1_261' title='bbox 582 3173 676 3232; x_wconf 86' lang='lat' dir='ltr'><strong>subire</strong></span> <span class='ocrx_word' id='word_1_262' title='bbox 689 3173 734 3230; x_wconf 89' lang='lat' dir='ltr'><strong>vel</strong></span> <span class='ocrx_word' id='word_1_263' title='bbox 749 3179 871 3239; x_wconf 84' lang='lat' dir='ltr'><strong>externa,</strong></span> <span class='ocrx_word' id='word_1_264' title='bbox 886 3173 931 3230; x_wconf 86' lang='lat' dir='ltr'><strong>vel</strong></span> <span class='ocrx_word' id='word_1_265' title='bbox 946 3173 1078 3250; x_wconf 87' lang='lat' dir='ltr'><strong>corporis,</strong></span> <span class='ocrx_word' id='word_1_266' title='bbox 1092 3173 1138 3230; x_wconf 89' lang='lat' dir='ltr'><strong>vel</strong></span> 
     </span>
     <span class='ocr_line' id='line_1_32' title="bbox 180 3261 1170 3339; baseline 0 -19"><span class='ocrx_word' id='word_1_267' title='bbox 180 3264 263 3320; x_wconf 90' lang='lat' dir='ltr'><strong>etiam</strong></span> <span class='ocrx_word' id='word_1_268' title='bbox 282 3263 370 3339; x_wconf 90' lang='lat' dir='ltr'><strong>ipsius</strong></span> <span class='ocrx_word' id='word_1_269' title='bbox 392 3261 484 3328; x_wconf 85' lang='lat' dir='ltr'><strong>animi,</strong></span> <span class='ocrx_word' id='word_1_270' title='bbox 505 3281 569 3337; x_wconf 85' lang='lat' dir='ltr'><strong>quae</strong></span> <span class='ocrx_word' id='word_1_271' title='bbox 591 3269 692 3318; x_wconf 87' lang='lat' dir='ltr'><strong>vacent</strong></span> <span class='ocrx_word' id='word_1_272' title='bbox 712 3261 854 3338; x_wconf 86' lang='lat' dir='ltr'><strong>injustitia.</strong></span> <span class='ocrx_word' id='word_1_273' title='bbox 896 3261 967 3318; x_wconf 82' lang='lat' dir='ltr'><strong>Haec</strong></span> <span class='ocrx_word' id='word_1_274' title='bbox 988 3262 1061 3318; x_wconf 89' lang='lat' dir='ltr'><strong>enim</strong></span> <span class='ocrx_word' id='word_1_275' title='bbox 1081 3269 1170 3321; x_wconf 77' lang='lat' dir='ltr'><strong>unafl</strong></span> 
     </span>
     <span class='ocr_line' id='line_1_33' title="bbox 180 3350 1231 3430; baseline 0 -22"><span class='ocrx_word' id='word_1_276' title='bbox 180 3352 266 3410; x_wconf 86' lang='lat' dir='ltr'><strong>virtus</strong></span> <span class='ocrx_word' id='word_1_277' title='bbox 281 3351 404 3409; x_wconf 91' lang='lat' dir='ltr'><strong>omnium</strong></span> <span class='ocrx_word' id='word_1_278' title='bbox 417 3358 461 3408; x_wconf 90' lang='lat' dir='ltr'><strong>est</strong></span> <span class='ocrx_word' id='word_1_279' title='bbox 474 3350 587 3407; x_wconf 87' lang='lat' dir='ltr'><strong>domina</strong></span> <span class='ocrx_word' id='word_1_280' title='bbox 597 3357 626 3407; x_wconf 86' lang='lat' dir='ltr'><strong>et</strong></span> <span class='ocrx_word' id='word_1_281' title='bbox 640 3351 735 3428; x_wconf 86' lang='lat' dir='ltr'><strong>regina</strong></span> <span class='ocrx_word' id='word_1_282' title='bbox 745 3350 889 3430; x_wconf 83' lang='lat' dir='ltr'><strong>virtutum.</strong></span> <span class='ocrx_word' id='word_1_283' title='bbox 920 3351 1050 3408; x_wconf 87' lang='lat' dir='ltr'><strong>Forsitan</strong></span> <span class='ocrx_word' id='word_1_284' title='bbox 1063 3351 1137 3426; x_wconf 88' lang='lat' dir='ltr'><strong>quis·</strong></span> <span class='ocrx_word' id='word_1_285' title='bbox 1193 3353 1231 3414; x_wconf 66' lang='lat'><strong>93²</strong></span> 
     </span>
     <span class='ocr_line' id='line_1_34' title="bbox 181 3439 1137 3518; baseline -0.003 -21"><span class='ocrx_word' id='word_1_286' title='bbox 181 3440 254 3518; x_wconf 85' lang='lat' dir='ltr'><strong>piam</strong></span> <span class='ocrx_word' id='word_1_287' title='bbox 269 3441 383 3497; x_wconf 82' lang='lat' dir='ltr'><strong>dixerit:</strong></span> <span class='ocrx_word' id='word_1_288' title='bbox 405 3439 506 3496; x_wconf 88' lang='lat' dir='ltr'><strong>Nonne</strong></span> <span class='ocrx_word' id='word_1_289' title='bbox 519 3439 606 3516; x_wconf 88' lang='lat' dir='ltr'><strong>igitur</strong></span> <span class='ocrx_word' id='word_1_290' title='bbox 619 3441 737 3516; x_wconf 73' lang='lat' dir='ltr'><strong>sapiens</strong></span> <span class='ocrx_word' id='word_1_291' title='bbox 752 3440 776 3496; x_wconf 89' lang='lat' dir='ltr'><strong>si</strong></span> <span class='ocrx_word' id='word_1_292' title='bbox 788 3440 864 3496; x_wconf 79' lang='lat' dir='ltr'><strong>fame</strong></span> <span class='ocrx_word' id='word_1_293' title='bbox 883 3439 944 3515; x_wconf 87' lang='lat' dir='ltr'><strong>ipse</strong></span> <span class='ocrx_word' id='word_1_294' title='bbox 965 3439 1137 3505; x_wconf 86' lang='lat' dir='ltr'><strong>conficiatur,</strong></span> 
     </span>
     <span class='ocr_line' id='line_1_35' title="bbox 182 3526 1138 3595; baseline -0.003 -10"><span class='ocrx_word' id='word_1_295' title='bbox 182 3529 326 3586; x_wconf 84' lang='lat' dir='ltr'><strong>abstulerit</strong></span> <span class='ocrx_word' id='word_1_296' title='bbox 340 3529 434 3586; x_wconf 92' lang='lat' dir='ltr'><strong>cibum</strong></span> <span class='ocrx_word' id='word_1_297' title='bbox 448 3529 536 3595; x_wconf 85' lang='lat' dir='ltr'><strong>alteri,</strong></span> <span class='ocrx_word' id='word_1_298' title='bbox 545 3527 649 3585; x_wconf 91' lang='lat' dir='ltr'><strong>homini</strong></span> <span class='ocrx_word' id='word_1_299' title='bbox 663 3529 701 3586; x_wconf 87' lang='lat' dir='ltr'><strong>ad</strong></span> <span class='ocrx_word' id='word_1_300' title='bbox 714 3529 820 3586; x_wconf 91' lang='lat' dir='ltr'><strong>nullam</strong></span> <span class='ocrx_word' id='word_1_301' title='bbox 834 3545 894 3584; x_wconf 89' lang='lat' dir='ltr'><strong>rem</strong></span> <span class='ocrx_word' id='word_1_302' title='bbox 907 3527 993 3583; x_wconf 81' lang='lat' dir='ltr'><strong>utili‘?</strong></span> <span class='ocrx_word' id='word_1_303' title='bbox 1024 3526 1138 3582; x_wconf 89' lang='lat' dir='ltr'><strong>Minime</strong></span> 
     </span>
     <span class='ocr_line' id='line_1_36' title="bbox 181 3613 1170 3690; baseline -0.003 -15"><span class='ocrx_word' id='word_1_304' title='bbox 181 3636 254 3675; x_wconf 87' lang='lat' dir='ltr'><strong>vero.</strong></span> <span class='ocrx_word' id='word_1_305' title='bbox 295 3617 324 3673; x_wconf 90' lang='lat' dir='ltr'>N</span> <span class='ocrx_word' id='word_1_306' title='bbox 325 3636 361 3673; x_wconf 91' lang='lat' dir='ltr'><strong>on</strong></span> <span class='ocrx_word' id='word_1_307' title='bbox 376 3617 448 3674; x_wconf 91' lang='lat' dir='ltr'><strong>enim</strong></span> <span class='ocrx_word' id='word_1_308' title='bbox 462 3617 530 3674; x_wconf 92' lang='lat' dir='ltr'><strong>mihi</strong></span> <span class='ocrx_word' id='word_1_309' title='bbox 544 3623 587 3673; x_wconf 91' lang='lat' dir='ltr'><strong>est</strong></span> <span class='ocrx_word' id='word_1_310' title='bbox 600 3617 658 3674; x_wconf 85' lang='lat' dir='ltr'><strong>vita</strong></span> <span class='ocrx_word' id='word_1_311' title='bbox 671 3635 735 3674; x_wconf 87' lang='lat' dir='ltr'><strong>mea</strong></span> <span class='ocrx_word' id='word_1_312' title='bbox 754 3617 855 3681; x_wconf 89' lang='lat' dir='ltr'><strong>utilior,</strong></span> <span class='ocrx_word' id='word_1_313' title='bbox 870 3632 955 3690; x_wconf 88' lang='lat' dir='ltr'><strong>quam</strong></span> <span class='ocrx_word' id='word_1_314' title='bbox 976 3613 1061 3670; x_wconf 90' lang='lat' dir='ltr'><strong>animi</strong></span> <span class='ocrx_word' id='word_1_315' title='bbox 1073 3613 1137 3669; x_wconf 88' lang='lat' dir='ltr'><strong>talis</strong></span> <span class='ocrx_word' id='word_1_316' title='bbox 1152 3620 1170 3672; x_wconf 81' lang='lat'>9</span> 
     </span>
     <span class='ocr_line' id='line_1_37' title="bbox 102 3692 1137 3782; baseline -0.004 -19"><span class='ocrx_word' id='word_1_317' title='bbox 102 3692 107 3712; x_wconf 70' lang='grc'><em>’</em></span> <span class='ocrx_word' id='word_1_318' title='bbox 130 3695 137 3706; x_wconf 77' lang='grc'><strong>’</strong></span> <span class='ocrx_word' id='word_1_319' title='bbox 182 3705 299 3773; x_wconf 87' lang='lat' dir='ltr'><strong>affectio,</strong></span> <span class='ocrx_word' id='word_1_320' title='bbox 314 3705 453 3762; x_wconf 84' lang='lat' dir='ltr'><strong>neminem</strong></span> <span class='ocrx_word' id='word_1_321' title='bbox 466 3712 499 3763; x_wconf 91' lang='lat' dir='ltr'><strong>ut</strong></span> <span class='ocrx_word' id='word_1_322' title='bbox 512 3705 614 3764; x_wconf 82' lang='lat' dir='ltr'><strong>violem</strong></span> <span class='ocrx_word' id='word_1_323' title='bbox 634 3705 773 3763; x_wconf 88' lang='lat' dir='ltr'><strong>commodi</strong></span> <span class='ocrx_word' id='word_1_324' title='bbox 786 3704 841 3762; x_wconf 90' lang='lat' dir='ltr'><strong>mei</strong></span> <span class='ocrx_word' id='word_1_325' title='bbox 853 3703 953 3782; x_wconf 84' lang='lat' dir='ltr'><strong>gratia.</strong></span> <span class='ocrx_word' id='word_1_326' title='bbox 995 3701 1092 3771; x_wconf 80' lang='lat' dir='ltr'><strong>Quid?</strong></span> <span class='ocrx_word' id='word_1_327' title='bbox 1113 3702 1137 3760; x_wconf 87' lang='lat' dir='ltr'><strong>si</strong></span> 
     </span>
    </p>
   </div>
   <div class='ocr_carea' id='block_1_4' title="bbox 0 0 1381 4284">
    <p class='ocr_par' dir='ltr' id='par_1_4' title="bbox 0 0 1381 4284">
     <span class='ocr_line' id='line_1_38' title="bbox 0 0 1381 4284; baseline 0 0"><span class='ocrx_word' id='word_1_328' title='bbox 0 0 1381 4284; x_wconf 95' lang='lat' dir='ltr'><strong> </strong></span> 
     </span>
    </p>
   </div>
  </div>
 </body>
</html>
