2648 4288
462 855 607 966 LIBER
634 856 898 934 SECUNDUS.

554 1085 804 1096 ----

210 1244 242 1300 L·
250 1244 484 1313 Qnuunuuonuu
493 1244 583 1301 officia
593 1243 764 1301 ducerentur
771 1245 808 1302 ab
816 1245 974 1314 honestata,
983 1247 1136 1316 Marcefili,

171 1340 257 1410 atque
272 1335 310 1391 ab
324 1334 400 1391 omni
414 1352 518 1412 genere
528 1333 649 1400 virtutis,
665 1335 732 1391 satis
746 1335 918 1412 explicatum
933 1338 1053 1394 arbitror
1065 1338 1138 1396 libro

172 1424 323 1500 superiore.
365 1423 507 1501 Sequitur,
530 1432 564 1481 ut
584 1424 646 1480 haec
671 1425 825 1482 officiorum
847 1443 952 1502 genera
974 1433 1169 1504 persequant

171 1533 237 1590 quae
257 1513 397 1591 pertinent
419 1514 456 1571 ad
478 1514 544 1572 vitae
565 1514 682 1580 cultum,
698 1514 778 1572 etad
797 1533 895 1572 earum
916 1535 1019 1583 rerum,
1035 1517 1138 1594 quibus

171 1611 291 1661 utuntur
304 1604 439 1670 homines,
450 1604 624 1670 facultatem,
634 1604 671 1660 ad
685 1623 763 1681 opes,
773 1605 810 1662 cd
823 1605 926 1683 copias.
959 1607 993 1663 Iu
1004 1626 1061 1683 quo
1075 1613 1138 1664 tum

170 1694 260 1770 quaesi
274 1693 339 1761 dixi,
355 1693 422 1770 quid
436 1694 513 1761 utile,
529 1693 597 1770 quid
610 1693 724 1751 inutile:
744 1701 806 1752 tum
821 1713 856 1752 ex
870 1695 986 1754 utilibus
1001 1695 1068 1773 quid
1083 1697 1137 1754 uti·

170 1784 232 1850 lius,
247 1791 298 1840 aut
311 1784 379 1861 quid
393 1784 513 1841 maxime
527 1784 604 1841 utile.
646 1784 690 1841 De
704 1784 806 1860 quibus
827 1785 921 1842 dicere
939 1786 1099 1864 aggrediar,
1115 1785 1139 1844 si

171 1893 262 1950 pauca
276 1874 353 1950 prius
367 1873 404 1931 de
416 1874 545 1931 instituto
559 1892 592 1931 ac
607 1873 643 1930 de
655 1873 764 1952 judicio
778 1893 843 1932 meo
857 1875 963 1933 dixero.

211 1965 389 2040 Quamquam
411 1964 485 2022 enim
507 1963 570 2021 libri
592 1965 681 2021 nostri
701 1965 862 2041 complures
877 1983 933 2021 non
947 1965 1032 2022 modo
1046 1965 1084 2022 ad
1098 1965 1137 2023 le·
1152 1970 1170 2024 8

171 2053 324 2131 gaudi,sed
336 2054 468 2111 etiamad
483 2052 622 2111 scribendi
637 2054 764 2111 studium
774 2054 977 2122 excitaverunt,
987 2063 1082 2112 tamen
1096 2055 1137 2112 in·

171 2142 285 2200 tardum
298 2162 404 2210 vereor,
419 2162 454 2200 ne
468 2143 638 2220 quibusdam
660 2144 740 2200 bonis
754 2143 819 2200 viris
834 2143 1022 2220 pbilosopbiae
1036 2164 1138 2202 nomeu

172 2233 208 2289 sit
221 2233 350 2300 invisum,
365 2233 565 2309 mirenturque,
579 2233 608 2290 in
629 2251 663 2290 ea
683 2240 795 2291 tantum
815 2252 862 2289 me
876 2251 972 2310 operae
986 2240 1015 2289 et
1028 2241 1138 2310 tempo·

171 2323 208 2379 ris
231 2341 344 2400 ponere.
385 2323 448 2400 Ego
468 2330 565 2380 autem
578 2341 664 2399 quam
679 2322 728 2379 diu
741 2342 786 2380 res
801 2323 915 2401 publica
929 2341 981 2399 per
994 2341 1042 2379 eos
1057 2341 1137 2400 gere·
1152 2328 1171 2382 4

171 2413 263 2479 batur,
278 2412 381 2488 quibus
396 2431 426 2468 se
440 2411 502 2488 ipsa
523 2412 709 2478 commiserat,
724 2431 822 2468 omnes
842 2429 921 2469 meas
936 2430 1017 2468 curas
1032 2413 1137 2490 cogita·

172 2503 317 2578 tionesque
330 2502 359 2558 in
372 2520 434 2559 eam
456 2501 644 2559 conferebam.
686 2501 760 2558 (lum
781 2510 877 2559 autem
895 2501 1042 2558 dominatu
1055 2503 1171 2562 uniusb

172 2593 264 2650 omnia
278 2599 446 2659 tenerentur,
462 2611 553 2668 neque
570 2599 645 2648 esset
664 2611 785 2669 usquam
808 2592 923 2649 consilio
945 2600 995 2649 aut
1017 2592 1138 2650 auctori·

171 2682 223 2738 tati
237 2683 324 2748 locus,
339 2681 429 2739 socios
443 2682 563 2757 denique
584 2681 699 2738 tueudae
713 2683 752 2738 rei
767 2681 897 2759 publicae,
913 2701 1040 2739 summos
1054 2681 1137 2750 vitoe,

172 2771 340 2828 amisissem:
356 2790 407 2828 nen
418 2789 464 2828 me
475 2771 626 2848 angoribus
641 2771 744 2838 decidi,
757 2772 859 2848 quibus
874 2791 966 2828 essem
980 2771 1137 2840 consectus,

172 2861 222 2918 nisi
235 2861 267 2918 iis
281 2861 454 2928 restitissem,
465 2879 516 2918 neo
526 2880 638 2918 rursum
652 2861 773 2940 indignis
787 2861 899 2918 homine
911 2861 995 2918 docto
1006 2862 1137 2938 volupta-

172 2951 256 3008 tibus,
288 2951 385 3026 Atque
398 2951 505 3007 utinam
519 2969 564 3008 res
576 2951 690 3027 publica
701 2951 833 3017 stetisset,
844 2969 901 3027 quo
912 2957 1040 3027 ooeperat
1051 2957 1137 3017 statu,
1153 2955 1171 3008 6

172 3059 223 3097 nec
234 3040 262 3096 in
272 3041 398 3098 homines
408 3059 464 3096 non
474 3047 532 3098 tam
545 3040 816 3106 commutandarum,
826 3059 912 3116 quam
922 3033 1138 3097 evertenddrum

172 3148 267 3186 rerum
282 3130 400 3206 cupidos
417 3129 567 3186 incidisset.
608 3129 735 3185 Primum
751 3129 833 3195 enim,
849 3136 881 3184 ut
895 3135 988 3185 stante
1002 3147 1032 3186 re
1047 3129 1138 3206 publi·
1154 3129 1171 3188 7

174 3239 207 3276 ca
220 3220 312 3276 facere
327 3220 495 3287 solebamus,
506 3219 535 3276 in
549 3219 660 3296 agendo
674 3219 748 3295 plue,
758 3238 845 3296 quam
859 3219 888 3276 in
902 3219 1060 3287 scribendo,
1072 3239 1139 3297 ope-

173 3328 213 3364 rae
234 3325 418 3385 poneremus:
440 3307 542 3365 deinde
563 3308 631 3386 ipsis
653 3308 762 3385 scriptis
782 3327 838 3365 non
852 3327 894 3376 ea,
911 3328 976 3386 quae
989 3328 1072 3376 nunc,
1088 3309 1138 3366 sed

174 3399 297 3455 actiones
310 3404 421 3455 nostras
434 3397 643 3464 mandaremus,
655 3406 687 3455 ut
701 3417 778 3474 saepe
792 3398 919 3456 fecimus.
953 3399 1028 3456 Cum
1043 3405 1140 3454 autem
1154 3403 1172 3456 Β

174 3506 218 3544 res
233 3483 354 3564 publica,
368 3487 466 3563 inqua
480 3487 569 3544 omnis
583 3505 646 3544 mea
661 3506 736 3553 cura,
752 3487 896 3565 cogitatio,
911 3505 999 3564 opera
1014 3486 1080 3562 poni
1095 3505 1138 3542 so·

174 3576 259 3643 lebat,
274 3576 351 3632 nulla
372 3583 447 3633 esset
467 3576 589 3642 omnino,
604 3576 661 3633 illae
681 3576 787 3633 scilicet
808 3576 911 3633 littera
934 3575 1137 3640 conticuerunt,

175 3665 300 3722 forenses
322 3672 351 3722 et
371 3665 527 3723 senatoriae.
569 3665 647 3722 Nihil
668 3683 752 3742 agere
771 3672 867 3721 autem
882 3682 947 3720 cum
961 3661 1069 3718 animus
1083 3670 1172 3723 110119

176 3761 282 3833 posset,
296 3754 326 3812 111
338 3754 382 3811 bis
395 3754 495 3812 studiis
508 3755 546 3812 ab
559 3753 636 3811 initio
649 3761 778 3811 versatus
792 3752 895 3818 aetatis,
910 3750 1073 3820 existimavi,
1088 3751 1139 3810 bo·
