2648 4288
476 365 562 404 nmen
574 366 594 406 1.
637 365 705 406 cnr.
719 367 796 408 κων.
1085 355 1125 412 bb

54 515 60 526 '
169 504 252 563 XLIV.
273 504 372 582 Atque
390 503 438 574 illi,
453 505 690 582 quornmstudia
703 507 818 584 vitaque
832 505 923 564 omnis
936 505 964 564 in
977 525 1073 566 rerum

137 595 265 673 cognitione
280 602 391 653 versata
404 603 457 661 est,
471 603 568 654 tamen
581 596 619 654 ab
634 595 772 674 augendis
786 597 932 655 hominum
945 597 1072 655 utilitati·

136 684 178 742 bus
187 694 210 742 et
220 685 368 742 commodis
381 704 437 742 non
450 693 635 743 recesserunt.
671 687 747 744 Nam
761 693 790 743 et
803 686 986 744 erudiverunt
998 687 1071 745 mul·
1087 693 1104 748 2

134 777 176 840 los,
186 793 233 850 quo
243 775 371 832 meliores
381 775 457 834 cives
470 775 650 852 utilioresque
661 776 746 833 rebus
757 775 814 833 suis
829 776 949 854 publicis
959 784 1070 834 essent:

131 870 158 920 ιιι
170 865 319 922 Thebanum
333 863 560 941 Epaminondam
574 866 657 942 Lysis
667 866 877 944 Pythagoreus,
889 865 1073 944 Syracusium

129 954 229 1011 Dionem
248 954 332 1012 Plato
355 954 493 1030 multique
517 955 638 1012 multos:
666 974 774 1032 nosque
794 955 856 1031 ipsi,
878 956 1012 1033 quicquid
1033 955 1072 1016 ad

126 1045 324 1122 rempublicam
337 1045 493 1110 attulimus,
508 1044 632 1112 simodo
646 1045 752 1122 aliquid
771 1045 926 1113 attulimus,
941 1065 959 1103 a
972 1046 1072 1104 docto·

124 1135 191 1192 ribus
205 1142 285 1211 atque
298 1134 428 1193 doctrina
448 1133 578 1192 instructi
591 1135 628 1192 ad
646 1153 710 1192 eam
730 1142 760 1192 et
780 1135 872 1193 ornati
890 1136 1070 1195 accessimus.

123 1224 211 1301 Neque
231 1225 321 1282 solum
342 1224 397 1281 vivi
417 1232 503 1299 atque
526 1231 681 1302 praesentes
701 1224 843 1282 studiosos
864 1225 992 1284 discendi
1006 1233 1103 1284 eru-8

121 1314 192 1370 diunt
204 1321 284 1390 atque
298 1313 409 1382 docent,
424 1316 475 1373 sed
495 1317 550 1374 boc
566 1314 642 1373 idem
656 1314 743 1371 etiam
758 1321 958 1391 postmortem
971 1333 1070 1372 monu-

118 1403 210 1461 mentis
222 1403 377 1460 litterarum
389 1412 594 1480 assequuntur:
617 1423 668 1461 nec
679 1403 753 1460 enim
766 1405 846 1462 locus
859 1404 935 1462 ullus
954 1413 1070 1482 praeter·
1085 1409 1103 1462 4

115 1493 210 1550 missus
229 1499 273 1550 est
292 1493 329 1550 ab
349 1492 390 1559 iis,
406 1494 456 1570 qui
474 1494 512 1551 ad
533 1495 621 1572 leges
637 1494 687 1570 qui
700 1492 737 1550 ad
757 1513 858 1560 mores,
874 1494 924 1571 qui
937 1494 974 1551 ad
988 1495 1070 1554 disci-

113 1584 212 1661 plinam
231 1583 271 1640 rei
291 1582 414 1658 publicae
434 1585 604 1660 pertineret:
627 1590 660 1640 ut
680 1584 770 1640 otium
784 1602 869 1642 suum
882 1583 919 1640 ad
940 1592 1070 1643 nostrum

111 1674 249 1752 negotium
268 1672 420 1730 contulisse
434 1673 591 1731 videantur.
634 1675 680 1730 Ita
695 1672 733 1730 illi
747 1673 801 1750 ipsi
814 1672 951 1732 doetrinae
969 1674 1069 1733 studiis
1084 1684 1102 1736 5

109 1771 137 1821 et
150 1763 289 1840 sapientia
303 1762 400 1830 dediti,
415 1761 451 1820 ad
466 1763 613 1821 hominum
635 1755 787 1820 utilitatem
807 1782 890 1820 suam
910 1764 1068 1842 intelligen-

107 1853 173 1910 tiam
184 1853 419 1931 prudentiamque
430 1854 608 1930 potissimum
616 1853 773 1911 conferunt
798 1853 845 1911 Ob
853 1873 973 1931 eamque
983 1855 1068 1913 etiam
1083 1860 1102 1914 6

105 1962 217 2002 causam
238 1943 332 2019 eloqui
352 1943 474 2020 copiose,
496 1943 582 2000 modo
604 1944 767 2019 prudenter,
789 1943 889 2001 melius
909 1950 962 2011 est,
983 1963 1070 2021 quam

103 2034 148 2091 vel
161 2033 321 2091 acutissime
335 2033 394 2090 sine
408 2033 570 2108 eloquentia
589 2034 715 2109 cogitare
727 2052 734 2099 ;
755 2032 833 2108 quod
848 2033 982 2111 cogitatio
996 2034 1024 2090 in
1038 2053 1069 2092 se

100 2123 163 2200 ipsa
183 2123 310 2189 vertitur,
330 2122 491 2198 eloquentia
511 2121 711 2199 complectitur
731 2139 788 2188 eoa,
803 2122 972 2198 quibuscum
993 2142 1068 2181 com·

98 2213 239 2270 munitate
257 2212 350 2289 juncti
370 2231 477 2270 sumus.
519 2212 621 2288 Atque
640 2218 673 2268 ut
691 2211 789 2287 apium
804 2211 933 2268 examina
946 2231 1003 2269 non
1017 2213 1100 2272 fin-'t
1147 2276 1153 2280 ,

95 2302 260 2381 gendorum
274 2303 403 2358 favorum
417 2320 503 2359 causa
517 2308 738 2378 congregantur,
753 2299 814 2367 sed,
829 2319 894 2358 cum
913 2319 1069 2379 congrega-

94 2393 164 2450 bilia
177 2400 282 2450 natura
296 2392 359 2458 sint,
375 2392 487 2468 fingunt
500 2391 597 2448 favos:
621 2392 661 2447 sic
675 2390 812 2458 homines,
827 2409 861 2446 ac
878 2390 969 2447 multo
983 2391 1069 2450 etiam

90 2482 197 2560 magis,
214 2490 319 2538 natura
339 2480 515 2558 congregati,
530 2480 668 2538 adhibent
682 2478 786 2556 agendi
801 2479 999 2558 cogitandique
1013 2481 1068 2538 sol·

88 2573 218 2630 lentiam.
263 2573 365 2648 Itaque
387 2571 438 2628 nisi
459 2589 493 2627 ea
512 2570 610 2638 virtus,
630 2589 696 2646 quae
718 2576 829 2626 constat
851 2588 887 2627 ex
908 2570 1101 2630 hominihus

87 2663 220 2730 tuendis,
236 2661 267 2720 id
290 2669 334 2719 est
355 2680 391 2718 ex
411 2660 546 2718 societate
566 2660 677 2738 generis
696 2660 820 2726 humani,
836 2659 959 2738 attingat
973 2660 1068 2738 cogni-

83 2753 202 2810 tionem
217 2771 324 2818 rerum,
340 2751 466 2830 solivaga
480 2750 603 2828 cognitio
617 2758 646 2807 et
662 2750 762 2827 jejuna
776 2749 922 2817 videatur;
943 2750 1068 2826 itemque
1082 2757 1100 2809 9

66 2841 268 2920 ‚magnitudo
288 2841 380 2908 animi,
395 2849 505 2898 remota
526 2841 727 2898 communitate
747 2841 998 2918 conjunctioneque
1013 2841 1066 2897 hu-

77 2950 185 2999 mana,
207 2931 310 2989 feritas
330 2931 368 2988 sit
386 2931 519 3008 quaedam
540 2937 569 2987 et
592 2930 758 2988 immanitas.
801 2930 846 2988 Ita
866 2930 906 2996 lit,
927 2938 960 2988 ut
974 2930 1068 2988 vineat
1084 2936 1119 2990 10

76 3021 267 3099 cognitionis
282 3020 407 3078 studium
423 3019 593 3078 consociatio
611 3021 757 3078 hominum
770 3031 857 3096 atque
871 3020 1066 3078 communitas.

72 3111 108 3168 N
109 3130 147 3168 ec
164 3129 278 3168 verum
293 3118 345 3176 est,
361 3109 439 3187 quod
454 3110 557 3167 dicitur
577 3129 594 3166 a
608 3109 788 3186 quibusdam,
809 3116 928 3185 propter
947 3109 1067 3167 necessi·

70 3207 178 3258 tatem
195 3200 277 3267 vitae,
293 3200 371 3277 quod
392 3219 434 3266 ea,
450 3217 516 3275 quae
536 3206 639 3256 natura
659 3198 842 3266 desideraret,
858 3199 993 3276 consequi
1008 3199 1068 3256 sine

65 3290 141 3348 aliis
169 3299 270 3367 atque
292 3289 403 3347 efficere
424 3307 480 3346 non
500 3307 658 3366 possemus,
672 3288 778 3346 idcireo
799 3289 897 3346 initam
918 3307 980 3346 esse
1001 3307 1068 3347 cum

63 3381 261 3438 hominibus
276 3378 508 3437 communitatem
523 3386 551 3435 et
566 3377 746 3445 societatem,
767 3378 853 3455 quod,
869 3379 893 3436 si
911 3379 1004 3437 omnia
1018 3396 1067 3435 no-

61 3471 125 3537 bis,
146 3489 229 3547 quae
252 3470 289 3526 ad
303 3470 411 3526 vietum
433 3468 599 3544 cultumque
619 3468 769 3545 pertinent,
791 3469 872 3545 quasi
893 3468 1004 3544 virgula
1026 3466 1067 3524 di-

56 3561 150 3628 vina,
172 3569 214 3618 ut
230 3561 321 3626 aiunt,
336 3559 598 3635 suppeditarentur,
614 3565 676 3616 tum
691 3558 799 3634 optimo
813 3558 932 3634 quisque
945 3555 1066 3633 ingenio,

51 3651 212 3727 negotiis
238 3650 371 3707 omnibus
391 3649 511 3715 omissa,
526 3655 620 3706 totum
634 3667 665 3704 se
679 3648 708 3704 in
723 3647 882 3724 cognitione
901 3652 931 3702 et
950 3644 1068 3702 scientia

49 3741 259 3798 collocaret.
295 3739 361 3796 Non
374 3747 419 3796 est
431 3738 480 3796 ita.
514 3738 590 3796 Nam
604 3744 634 3796 et
647 3735 828 3795 solitudinem
841 3735 963 3813 fugeret,
978 3740 1008 3794 et
1021 3753 1066 3794 so·
1083 3739 1121 3798 11
