2648 4288
500 323 586 364 amaa
598 325 619 364 a
660 324 728 365 oar.
743 324 783 364 rx.
1113 313 1150 368 lt

133 449 244 518 Quibus
266 450 353 510 rebus
376 451 508 510 effectum
533 459 640 519 estut
666 453 774 510 infinita
801 455 930 531 pecumae
953 453 1097 532 cupiditas

133 548 216 598 esset.
257 541 320 599 Neo
341 560 408 598 vero
428 542 468 598 rei
489 542 632 600 familiaris
653 543 844 618 amplificatio,
858 544 961 602 nemini
982 547 1130 612 nocens,4

132 629 320 706 vituperanda
332 638 391 688 est:
412 631 463 688 sed
483 631 619 710 fugienda
632 651 746 708 semper
765 632 866 710 injuria
880 642 932 692 est
974 633 1129 692 maximos
1173 625 1211 684 :4

132 727 229 776 autem
248 719 430 778 adducuntur
452 721 586 798 plerique,
607 729 641 780 ut
660 741 709 780 eos
729 723 848 799 justitias
871 723 965 800 capiat
984 723 1096 792 oblivio,

133 827 199 866 eum
212 808 241 867 in
253 809 443 886 imperiorum,
455 810 602 878 honorum,
614 811 713 890 glorius
727 811 913 890 cupiditatem
929 812 1096 870 inciderunt.

133 897 221 963 Quod
234 899 308 956 enim
321 906 366 957 est
379 899 458 978 apud
472 900 603 968 Ennium,
1111 906 1130 960 d

401 1037 407 1048 ·
489 1027 571 1082 cullra
585 1035 679 1083 roceto
693 1027 812 1096 societas,

449 1133 496 1172 nec
504 1115 579 1190 fides
591 1119 669 1190 repsi
682 1126 743 1190 ειη·

129 1242 161 1302 id
174 1243 260 1302 latins
270 1249 359 1320 patet
399 1244 477 1302 Nam
490 1245 624 1322 quioquid
638 1247 779 1323 ejusmodi
789 1253 841 1314 est,
851 1247 880 1304 in
893 1267 951 1324 quo
963 1265 1020 1306 non
1033 1267 1099 1325 poa·

131 1333 300 1410 sintplurcs
314 1333 460 1400 excellere,
477 1333 505 1392 in
524 1352 559 1390 eo
581 1335 614 1392 fit
627 1335 795 1412 plerumque
808 1343 888 1394 tanta
902 1337 1052 1404 contentio,
1066 1343 1100 1396 nt

131 1423 326 1481 difficillimum
346 1421 382 1480 sit
402 1441 513 1480 servare
532 1432 660 1482 sanctem
675 1425 846 1482 societatem.
888 1425 1050 1484 Declaravit
1069 1426 1131 1486 idt

130 1512 219 1570 modo
234 1512 375 1569 temeritas
390 1511 422 1569 0.
439 1512 570 1580 Caesaris,
585 1513 634 1590 qui
647 1514 741 1572 omnia
752 1514 818 1591 jura
832 1514 927 1572 divine
945 1522 1032 1592 atque
1045 1516 1099 1574 hu·

130 1620 216 1658 mana
230 1601 366 1678 pervertit
379 1609 497 1678 propter
510 1620 585 1670 eum,
600 1621 686 1680 quem
700 1603 752 1662 sibi
774 1604 836 1680 ipse
850 1603 987 1680 opinionis
1005 1623 1101 1664 errore

130 1691 259 1758 finxerat,
275 1691 472 1768 principatum.
512 1691 566 1750 Est
584 1701 681 1750 autem
695 1692 724 1749 in
738 1693 792 1750 hoo
812 1711 917 1770 genere
937 1693 1132 1761 molesme

131 1779 209 1857 quod
223 1778 252 1836 in
266 1779 394 1836 maximis
414 1779 513 1838 animis
533 1781 823 1858 splendidissimisque
843 1781 960 1860 ingeniis
974 1783 1099 1860 plerum·

131 1888 188 1946 que
208 1869 333 1926 existunt
352 1869 475 1935 honoris,
498 1868 615 1946 imperii,
640 1870 785 1946 potentiae,
800 1870 898 1948 glorie
921 1872 1099 1948 cupiditates.

132 1959 198 2026 Quo
212 1958 303 2035 magis
323 1958 483 2015 cavendum
502 1967 605 2025 estne
625 1959 694 2035 quid
718 1959 747 2016 in
771 1977 806 2016 eo
829 1978 934 2038 genere
956 1965 1132 2036 persecare

132 2046 191 2104 Sed
204 2047 232 2104 in
253 2047 328 2104 omni
348 2047 486 2123 injustitia
507 2047 681 2124 permultum
701 2047 825 2114 interest,
840 2056 938 2106 utrum
951 2051 1100 2126 perturba·

131 2136 208 2194 tione
221 2136 314 2212 aliqua
327 2136 421 2203 animi,
436 2155 505 2212 quea
525 2137 694 2213 plerumque
715 2136 808 2194 brevis
822 2145 866 2194 est
879 2145 910 2194 et
923 2136 961 2194 ad
975 2145 1101 2215 tempus,

131 2245 169 2284 an
182 2226 312 2284 consulto
332 2232 362 2283 et
375 2225 502 2304 cogitata
521 2225 571 2282 fiat
591 2225 700 2302 injuria.
741 2225 862 2284 Leviora
881 2225 955 2284 enim
976 2232 1043 2283 sunt
1056 2244 1100 2294 ea,
1116 2232 1154 2285 1⁰

131 2334 198 2392 quae
210 2315 357 2391 repentino
371 2315 464 2390 aliquo
478 2321 559 2372 motu
572 2313 713 2380 accidunt,
725 2332 811 2390 quam
824 2333 868 2382 ea,
879 2333 945 2389 quac
964 2314 1102 2372 meditata

132 2411 162 2464 et
184 2413 345 2482 praeparata
364 2403 532 2462 inferuntur.
574 2402 619 2460 Ac
640 2403 677 2460 de
696 2403 843 2462 inferenda
862 2403 979 2481 quidem
998 2404 1102 2482 injrnia

132 2494 201 2552 antis
214 2494 322 2552 dictum
336 2500 388 2550 est

173 2673 224 2732 IX.
245 2671 502 2731 Praetermittendoe
521 2679 620 2730 autem
639 2671 818 2741 defensionis,
835 2671 1041 2750 deserendique
1057 2672 1100 2732 of·
1159 2687 1164 2694 ”

133 2761 188 2820 licii
209 2763 305 2840 plures
327 2762 420 2819 solent
446 2781 509 2820 esse
540 2780 641 2820 causae.
693 2762 768 2820 Nam
793 2771 844 2820 sut
865 2762 1029 2830 inimicitias,
1050 2770 1102 2822 ant

132 2852 267 2918 laborem,
280 2857 332 2908 aut
345 2859 478 2928 sumptus
491 2851 635 2928 suscipere
655 2852 771 2918 nolunt3
793 2859 843 2910 aut
857 2853 942 2911 etiam
955 2853 1100 2930 negligen-

132 2942 181 3008 tia,
197 2941 315 3019 pigritia,
331 2941 446 3007 inertia;
468 2947 519 2998 aut
531 2941 590 2998 suis
603 2940 705 2998 studiis
725 2941 898 3017 quibusdam
911 2940 1100 3017 occupationi·

133 3031 223 3090 busve
237 3030 277 3088 sic
291 3029 492 3106 impediuntur,
507 3037 540 3087 ut
553 3049 610 3095 cos,
626 3049 699 3106 quos
717 3030 805 3087 tutari
825 3031 957 3097 debeant,
973 3029 1100 3087 desertos

133 3138 196 3178 esse
218 3119 370 3196 patiantur.
412 3120 514 3196 Itaque
537 3117 694 3176 videndum
715 3126 817 3186 estne
836 3137 894 3177 non
915 3119 984 3176 setis
1005 3119 1041 3176 sit
1060 3118 1132 3187 ida

133 3209 210 3286 quod
224 3207 303 3286 apud
316 3209 465 3266 Platonem
476 3209 558 3266 estin
568 3207 754 3285 philosophos
768 3208 891 3266 dictum:
913 3208 991 3284 quod
1000 3207 1029 3266 in
1042 3208 1101 3266 veri
1175 3241 1186 3250 -

133 3298 347 3376 investigatione
371 3305 525 3363 versentur,
547 3297 682 3374 quodque
708 3316 751 3364 ea,
774 3317 840 3374 quse
865 3297 993 3374 plerique
1015 3297 1101 3355 vehe-

133 3394 243 3444 menter
260 3393 404 3463 expetant,
419 3386 573 3462 dequibus
591 3387 665 3444 inter
684 3405 715 3444 se
734 3386 883 3466 digladiari
900 3388 1018 3452 soleant,
1033 3405 1100 3444 con·

135 3483 263 3534 temnant
276 3483 306 3532 et
326 3493 379 3552 pro
399 3475 485 3534 nihilo
500 3483 610 3552 putent,
626 3484 779 3552 propterea
796 3477 890 3552 justos
910 3494 981 3533 esse.
1023 3474 1132 3532 Nam&

134 3565 256 3624 alterum
273 3565 392 3642 justitiae
413 3584 505 3643 genus
525 3571 721 3640 assequuntur,
737 3565 765 3622 in
782 3565 929 3623 inferenda
943 3583 978 3622 ne
992 3563 1039 3620 cni
1051 3567 1135 3621 nol

134 3662 217 3714 ocant
229 3654 347 3732 injuria3
367 3654 396 3712 in
408 3653 529 3712 alterum
543 3651 686 3711 incidunt:
707 3653 835 3711 discendi
854 3653 929 3710 enim
941 3651 1037 3712 studio
1049 3651 1103 3712 im·
