<?xml version="1.0" encoding="UTF-8"?>
<!DOCTYPE html PUBLIC "-//W3C//DTD XHTML 1.0 Transitional//EN"
    "http://www.w3.org/TR/xhtml1/DTD/xhtml1-transitional.dtd">
<html xmlns="http://www.w3.org/1999/xhtml" xml:lang="en" lang="en">
 <head>
  <title>
</title>
<meta http-equiv="Content-Type" content="text/html;charset=utf-8" />
  <meta name='ocr-system' content='tesseract 3.04.00' />
  <meta name='ocr-capabilities' content='ocr_page ocr_carea ocr_par ocr_line ocrx_word'/>
</head>
<body>
  <div class='ocr_page' id='page_1' title='image "./mtulliiciceroni01thacgoog_0057.png"; bbox 0 0 2648 4288; ppageno 0'>
   <div class='ocr_carea' id='block_1_1' title="bbox 193 368 787 423">
    <p class='ocr_par' dir='ltr' id='par_1_1' title="bbox 193 368 787 423">
     <span class='ocr_line' id='line_1_1' title="bbox 193 368 787 423; baseline 0 -1"><span class='ocrx_word' id='word_1_1' title='bbox 193 368 231 423; x_wconf 76' lang='lat' dir='ltr'><strong>tn</strong></span> <span class='ocrx_word' id='word_1_2' title='bbox 601 383 638 422; x_wconf 82' lang='lat' dir='ltr'><strong>oa</strong></span> <span class='ocrx_word' id='word_1_3' title='bbox 660 381 787 422; x_wconf 74' lang='lat' dir='ltr'><strong>oramus</strong></span> 
     </span>
    </p>
   </div>
   <div class='ocr_carea' id='block_1_2' title="bbox 191 511 1224 948">
    <p class='ocr_par' dir='ltr' id='par_1_2' title="bbox 191 511 1224 948">
     <span class='ocr_line' id='line_1_2' title="bbox 211 511 1224 590; baseline -0.002 -20"><span class='ocrx_word' id='word_1_4' title='bbox 211 518 310 578; x_wconf 75' lang='lat' dir='ltr'><strong>litem,</strong></span> <span class='ocrx_word' id='word_1_5' title='bbox 325 529 410 589; x_wconf 87' lang='lat' dir='ltr'><strong>quam</strong></span> <span class='ocrx_word' id='word_1_6' title='bbox 431 511 478 568; x_wconf 87' lang='lat' dir='ltr'><strong>illa</strong></span> <span class='ocrx_word' id='word_1_7' title='bbox 500 512 610 590; x_wconf 81' lang='lat' dir='ltr'><strong>perpeti</strong></span> <span class='ocrx_word' id='word_1_8' title='bbox 631 512 783 570; x_wconf 81' lang='lat' dir='ltr'><strong>maluisset.</strong></span> <span class='ocrx_word' id='word_1_9' title='bbox 826 513 899 581; x_wconf 79' lang='lat' dir='ltr'><strong>Quae</strong></span> <span class='ocrx_word' id='word_1_10' title='bbox 919 511 1150 589; x_wconf 77' lang='lat' dir='ltr'><strong>contemplantes</strong></span> <span class='ocrx_word' id='word_1_11' title='bbox 1168 530 1224 569; x_wconf 86' lang='lat' dir='ltr'><strong>ex·</strong></span> 
     </span>
     <span class='ocr_line' id='line_1_3' title="bbox 243 600 1221 679; baseline 0 -21"><span class='ocrx_word' id='word_1_12' title='bbox 243 600 365 678; x_wconf 88' lang='lat' dir='ltr'><strong>pendere</strong></span> <span class='ocrx_word' id='word_1_13' title='bbox 379 603 530 678; x_wconf 83' lang='lat' dir='ltr'><strong>oportebit,</strong></span> <span class='ocrx_word' id='word_1_14' title='bbox 542 601 610 678; x_wconf 92' lang='lat' dir='ltr'><strong>quid</strong></span> <span class='ocrx_word' id='word_1_15' title='bbox 625 601 744 679; x_wconf 89' lang='lat' dir='ltr'><strong>quisque</strong></span> <span class='ocrx_word' id='word_1_16' title='bbox 758 601 863 659; x_wconf 87' lang='lat' dir='ltr'><strong>habeat</strong></span> <span class='ocrx_word' id='word_1_17' title='bbox 878 601 936 658; x_wconf 89' lang='lat' dir='ltr'><strong>sui:</strong></span> <span class='ocrx_word' id='word_1_18' title='bbox 953 621 1041 679; x_wconf 87' lang='lat' dir='ltr'><strong>eaque</strong></span> <span class='ocrx_word' id='word_1_19' title='bbox 1056 601 1221 668; x_wconf 88' lang='lat' dir='ltr'><strong>moderari,</strong></span> 
     </span>
     <span class='ocr_line' id='line_1_4' title="bbox 242 687 1220 768; baseline 0.001 -21"><span class='ocrx_word' id='word_1_20' title='bbox 242 709 293 747; x_wconf 87' lang='lat' dir='ltr'><strong>nec</strong></span> <span class='ocrx_word' id='word_1_21' title='bbox 304 687 375 747; x_wconf 87' lang='lat' dir='ltr'><strong>velle</strong></span> <span class='ocrx_word' id='word_1_22' title='bbox 389 691 515 766; x_wconf 86' lang='lat' dir='ltr'><strong>experiri,</strong></span> <span class='ocrx_word' id='word_1_23' title='bbox 527 709 613 768; x_wconf 87' lang='lat' dir='ltr'><strong>quem</strong></span> <span class='ocrx_word' id='word_1_24' title='bbox 627 709 657 748; x_wconf 87' lang='lat' dir='ltr'><strong>se</strong></span> <span class='ocrx_word' id='word_1_25' title='bbox 671 691 762 748; x_wconf 87' lang='lat' dir='ltr'><strong>aliena</strong></span> <span class='ocrx_word' id='word_1_26' title='bbox 776 690 903 748; x_wconf 89' lang='lat' dir='ltr'><strong>deceant.</strong></span> <span class='ocrx_word' id='word_1_27' title='bbox 945 691 980 748; x_wconf 93' lang='lat' dir='ltr'><strong>Id</strong></span> <span class='ocrx_word' id='word_1_28' title='bbox 996 692 1071 748; x_wconf 88' lang='lat' dir='ltr'><strong>enim</strong></span> <span class='ocrx_word' id='word_1_29' title='bbox 1085 691 1220 748; x_wconf 83' lang='lat' dir='ltr'><strong>maxime</strong></span> 
     </span>
     <span class='ocr_line' id='line_1_5' title="bbox 191 778 1219 857; baseline 0 -21"><span class='ocrx_word' id='word_1_30' title='bbox 191 785 227 837; x_wconf 90' lang='lat'><strong>10</strong></span> <span class='ocrx_word' id='word_1_31' title='bbox 242 798 383 856; x_wconf 89' lang='lat' dir='ltr'><strong>quemque</strong></span> <span class='ocrx_word' id='word_1_32' title='bbox 403 778 494 846; x_wconf 89' lang='lat' dir='ltr'><strong>decet,</strong></span> <span class='ocrx_word' id='word_1_33' title='bbox 510 780 587 857; x_wconf 94' lang='lat' dir='ltr'><strong>quod</strong></span> <span class='ocrx_word' id='word_1_34' title='bbox 608 789 652 837; x_wconf 87' lang='lat' dir='ltr'><strong>est</strong></span> <span class='ocrx_word' id='word_1_35' title='bbox 674 781 812 857; x_wconf 89' lang='lat' dir='ltr'><strong>cujusque</strong></span> <span class='ocrx_word' id='word_1_36' title='bbox 834 781 956 838; x_wconf 83' lang='lat' dir='ltr'><strong>maxime</strong></span> <span class='ocrx_word' id='word_1_37' title='bbox 979 799 1071 837; x_wconf 89' lang='lat' dir='ltr'><strong>suum.</strong></span> <span class='ocrx_word' id='word_1_38' title='bbox 1115 779 1219 836; x_wconf 88' lang='lat' dir='ltr'><strong>Suum</strong></span> 
     </span>
     <span class='ocr_line' id='line_1_6' title="bbox 241 869 1218 948; baseline 0.001 -23"><span class='ocrx_word' id='word_1_39' title='bbox 241 870 359 946; x_wconf 88' lang='lat' dir='ltr'><strong>quisque</strong></span> <span class='ocrx_word' id='word_1_40' title='bbox 381 869 466 948; x_wconf 87' lang='lat' dir='ltr'><strong>igitur</strong></span> <span class='ocrx_word' id='word_1_41' title='bbox 486 877 585 927; x_wconf 86' lang='lat' dir='ltr'><strong>noscat</strong></span> <span class='ocrx_word' id='word_1_42' title='bbox 605 869 757 947; x_wconf 86' lang='lat' dir='ltr'><strong>ingenium,</strong></span> <span class='ocrx_word' id='word_1_43' title='bbox 772 887 922 946; x_wconf 88' lang='lat' dir='ltr'><strong>acremque</strong></span> <span class='ocrx_word' id='word_1_44' title='bbox 936 888 966 926; x_wconf 91' lang='lat' dir='ltr'><strong>se</strong></span> <span class='ocrx_word' id='word_1_45' title='bbox 981 877 1010 926; x_wconf 91' lang='lat' dir='ltr'><strong>et</strong></span> <span class='ocrx_word' id='word_1_46' title='bbox 1024 870 1166 926; x_wconf 89' lang='lat' dir='ltr'><strong>bonorum</strong></span> <span class='ocrx_word' id='word_1_47' title='bbox 1185 876 1218 926; x_wconf 92' lang='lat' dir='ltr'><strong>et</strong></span> 
     </span>
    </p>
   </div>
   <div class='ocr_carea' id='block_1_3' title="bbox 190 959 1318 1125">
    <p class='ocr_par' dir='ltr' id='par_1_3' title="bbox 190 959 1318 1125">
     <span class='ocr_line' id='line_1_7' title="bbox 241 959 1318 1036; baseline 0.001 -21"><span class='ocrx_word' id='word_1_48' title='bbox 241 959 372 1016; x_wconf 88' lang='lat' dir='ltr'><strong>vitiorum</strong></span> <span class='ocrx_word' id='word_1_49' title='bbox 395 977 511 1016; x_wconf 90' lang='lat' dir='ltr'><strong>suorum</strong></span> <span class='ocrx_word' id='word_1_50' title='bbox 532 959 657 1036; x_wconf 90' lang='lat' dir='ltr'><strong>judicem</strong></span> <span class='ocrx_word' id='word_1_51' title='bbox 682 960 818 1035; x_wconf 85' lang='lat' dir='ltr'><strong>praebeat,</strong></span> <span class='ocrx_word' id='word_1_52' title='bbox 840 978 875 1015; x_wconf 89' lang='lat' dir='ltr'><strong>ne</strong></span> <span class='ocrx_word' id='word_1_53' title='bbox 900 959 1001 1015; x_wconf 79' lang='lat' dir='ltr'><strong>scenici</strong></span> <span class='ocrx_word' id='word_1_54' title='bbox 1025 959 1098 1034; x_wconf 88' lang='lat' dir='ltr'><strong>plus,</strong></span> <span class='ocrx_word' id='word_1_55' title='bbox 1121 971 1217 1035; x_wconf 88' lang='lat' dir='ltr'><strong>quam</strong></span> <span class='ocrx_word' id='word_1_56' title='bbox 1317 993 1318 1002; x_wconf 66' lang='lat'><strong>.</strong></span> 
     </span>
     <span class='ocr_line' id='line_1_8' title="bbox 190 1041 1318 1125; baseline 0 -20"><span class='ocrx_word' id='word_1_57' title='bbox 190 1053 224 1105; x_wconf 95' lang='lat'><strong>11</strong></span> <span class='ocrx_word' id='word_1_58' title='bbox 240 1067 301 1116; x_wconf 90' lang='lat' dir='ltr'><strong>nos,</strong></span> <span class='ocrx_word' id='word_1_59' title='bbox 322 1047 471 1105; x_wconf 87' lang='lat' dir='ltr'><strong>videantur</strong></span> <span class='ocrx_word' id='word_1_60' title='bbox 492 1048 597 1105; x_wconf 87' lang='lat' dir='ltr'><strong>habere</strong></span> <span class='ocrx_word' id='word_1_61' title='bbox 620 1047 789 1124; x_wconf 78' lang='lat' dir='ltr'><strong>prudentiae.</strong></span> <span class='ocrx_word' id='word_1_62' title='bbox 830 1047 877 1104; x_wconf 93' lang='lat' dir='ltr'><strong>Illi</strong></span> <span class='ocrx_word' id='word_1_63' title='bbox 898 1049 972 1105; x_wconf 85' lang='lat' dir='ltr'><strong>anim</strong></span> <span class='ocrx_word' id='word_1_64' title='bbox 994 1067 1050 1105; x_wconf 92' lang='lat' dir='ltr'><strong>non</strong></span> <span class='ocrx_word' id='word_1_65' title='bbox 1072 1049 1213 1125; x_wconf 82' lang='lat' dir='ltr'><strong>optimaS,</strong></span> <span class='ocrx_word' id='word_1_66' title='bbox 1317 1041 1318 1046; x_wconf 31' lang='lat'>¹</span> 
     </span>
    </p>
   </div>
   <div class='ocr_carea' id='block_1_4' title="bbox 240 1137 1215 1305">
    <p class='ocr_par' dir='ltr' id='par_1_4' title="bbox 240 1137 1215 1305">
     <span class='ocr_line' id='line_1_9' title="bbox 241 1137 1215 1215; baseline -0.001 -20"><span class='ocrx_word' id='word_1_67' title='bbox 241 1137 291 1195; x_wconf 87' lang='lat' dir='ltr'><strong>scd</strong></span> <span class='ocrx_word' id='word_1_68' title='bbox 305 1137 357 1195; x_wconf 89' lang='lat' dir='ltr'><strong>sibi</strong></span> <span class='ocrx_word' id='word_1_69' title='bbox 371 1137 676 1195; x_wconf 80' lang='lat' dir='ltr'><strong>accommodatissimas</strong></span> <span class='ocrx_word' id='word_1_70' title='bbox 697 1137 808 1194; x_wconf 83' lang='lat' dir='ltr'><strong>fabulas</strong></span> <span class='ocrx_word' id='word_1_71' title='bbox 828 1137 943 1215; x_wconf 88' lang='lat' dir='ltr'><strong>eligunt.</strong></span> <span class='ocrx_word' id='word_1_72' title='bbox 986 1137 1040 1206; x_wconf 83' lang='lat' dir='ltr'><strong>Qui</strong></span> <span class='ocrx_word' id='word_1_73' title='bbox 1054 1155 1124 1194; x_wconf 87' lang='lat' dir='ltr'><strong>voce</strong></span> <span class='ocrx_word' id='word_1_74' title='bbox 1141 1137 1215 1194; x_wconf 85' lang='lat' dir='ltr'><strong>freti</strong></span> 
     </span>
     <span class='ocr_line' id='line_1_10' title="bbox 240 1225 1213 1305; baseline -0.002 -20"><span class='ocrx_word' id='word_1_75' title='bbox 240 1235 314 1296; x_wconf 87' lang='lat' dir='ltr'><strong>suut,</strong></span> <span class='ocrx_word' id='word_1_76' title='bbox 340 1228 486 1305; x_wconf 82' lang='lat' dir='ltr'><strong>Epigonos</strong></span> <span class='ocrx_word' id='word_1_77' title='bbox 510 1227 700 1303; x_wconf 89' lang='lat' dir='ltr'><strong>Medumque:</strong></span> <span class='ocrx_word' id='word_1_78' title='bbox 723 1226 771 1303; x_wconf 92' lang='lat' dir='ltr'><strong>qui</strong></span> <span class='ocrx_word' id='word_1_79' title='bbox 795 1235 888 1304; x_wconf 86' lang='lat' dir='ltr'><strong>gestu,</strong></span> <span class='ocrx_word' id='word_1_80' title='bbox 914 1225 1113 1305; x_wconf 88' lang='lat' dir='ltr'><strong>Melanippam,</strong></span> <span class='ocrx_word' id='word_1_81' title='bbox 1138 1227 1213 1304; x_wconf 83' lang='lat' dir='ltr'><strong>Cly-</strong></span> 
     </span>
    </p>
   </div>
   <div class='ocr_carea' id='block_1_5' title="bbox 85 1315 1319 1485">
    <p class='ocr_par' dir='ltr' id='par_1_5' title="bbox 85 1315 1319 1485">
     <span class='ocr_line' id='line_1_11' title="bbox 171 1315 1319 1395; baseline -0.003 -20"><span class='ocrx_word' id='word_1_82' title='bbox 171 1344 174 1350; x_wconf 92' lang='lat'><em>·</em></span> <span class='ocrx_word' id='word_1_83' title='bbox 240 1325 446 1375; x_wconf 83' lang='lat' dir='ltr'><strong>taemnestram:</strong></span> <span class='ocrx_word' id='word_1_84' title='bbox 469 1336 581 1394; x_wconf 91' lang='lat' dir='ltr'><strong>semper</strong></span> <span class='ocrx_word' id='word_1_85' title='bbox 605 1315 743 1393; x_wconf 89' lang='lat' dir='ltr'><strong>Rupilius,</strong></span> <span class='ocrx_word' id='word_1_86' title='bbox 770 1335 855 1392; x_wconf 91' lang='lat' dir='ltr'><strong>quem</strong></span> <span class='ocrx_word' id='word_1_87' title='bbox 880 1333 934 1395; x_wconf 87' lang='lat' dir='ltr'><strong>ego</strong></span> <span class='ocrx_word' id='word_1_88' title='bbox 958 1316 1080 1384; x_wconf 88' lang='lat' dir='ltr'><strong>memini,</strong></span> <span class='ocrx_word' id='word_1_89' title='bbox 1103 1316 1212 1373; x_wconf 86' lang='lat' dir='ltr'><strong>Antio·</strong></span> <span class='ocrx_word' id='word_1_90' title='bbox 1318 1359 1319 1394; x_wconf 33' lang='grc' dir='ltr'><strong>ι</strong></span> 
     </span>
     <span class='ocr_line' id='line_1_12' title="bbox 85 1405 1212 1485; baseline -0.002 -19"><span class='ocrx_word' id='word_1_91' title='bbox 85 1463 90 1471; x_wconf 85' lang='grc'>,</span> <span class='ocrx_word' id='word_1_92' title='bbox 190 1414 225 1466; x_wconf 78' lang='lat'><strong>12</strong></span> <span class='ocrx_word' id='word_1_93' title='bbox 241 1427 401 1485; x_wconf 86' lang='lat' dir='ltr'><strong>pam;·n0n</strong></span> <span class='ocrx_word' id='word_1_94' title='bbox 416 1426 492 1484; x_wconf 82' lang='lat' dir='ltr'><strong>saepe</strong></span> <span class='ocrx_word' id='word_1_95' title='bbox 508 1409 636 1484; x_wconf 89' lang='lat' dir='ltr'><strong>AEsopus</strong></span> <span class='ocrx_word' id='word_1_96' title='bbox 651 1406 780 1483; x_wconf 85' lang='lat' dir='ltr'><strong>Ajacem.</strong></span> <span class='ocrx_word' id='word_1_97' title='bbox 821 1405 899 1484; x_wconf 85' lang='lat' dir='ltr'><strong>Ergo</strong></span> <span class='ocrx_word' id='word_1_98' title='bbox 918 1406 1015 1463; x_wconf 89' lang='lat' dir='ltr'><strong>histrio</strong></span> <span class='ocrx_word' id='word_1_99' title='bbox 1030 1407 1083 1464; x_wconf 85' lang='lat' dir='ltr'><strong>hoc</strong></span> <span class='ocrx_word' id='word_1_100' title='bbox 1098 1405 1212 1464; x_wconf 87' lang='lat' dir='ltr'><strong>videbit</strong></span> 
     </span>
    </p>
   </div>
   <div class='ocr_carea' id='block_1_6' title="bbox 239 1487 1210 1574">
    <p class='ocr_par' dir='ltr' id='par_1_6' title="bbox 239 1487 1210 1574">
     <span class='ocr_line' id='line_1_13' title="bbox 239 1487 1210 1574; baseline 0 -20"><span class='ocrx_word' id='word_1_101' title='bbox 239 1487 373 1562; x_wconf 80' lang='lat' dir='ltr'><strong>in⁸soena,</strong></span> <span class='ocrx_word' id='word_1_102' title='bbox 389 1515 445 1553; x_wconf 91' lang='lat' dir='ltr'><strong>non</strong></span> <span class='ocrx_word' id='word_1_103' title='bbox 459 1497 566 1553; x_wconf 89' lang='lat' dir='ltr'><strong>videbit</strong></span> <span class='ocrx_word' id='word_1_104' title='bbox 581 1496 691 1570; x_wconf 85' lang='lat' dir='ltr'><strong>sapiens</strong></span> <span class='ocrx_word' id='word_1_105' title='bbox 704 1495 745 1551; x_wconf 88' lang='lat' dir='ltr'><strong>vir</strong></span> <span class='ocrx_word' id='word_1_106' title='bbox 758 1495 786 1551; x_wconf 93' lang='lat' dir='ltr'><strong>in</strong></span> <span class='ocrx_word' id='word_1_107' title='bbox 799 1495 879 1552; x_wconf 76' lang='lat' dir='ltr'><strong>vita?</strong></span> <span class='ocrx_word' id='word_1_108' title='bbox 908 1495 958 1553; x_wconf 86' lang='lat' dir='ltr'><strong>Ad</strong></span> <span class='ocrx_word' id='word_1_109' title='bbox 974 1515 1045 1572; x_wconf 84' lang='lat' dir='ltr'><strong>quas</strong></span> <span class='ocrx_word' id='word_1_110' title='bbox 1059 1496 1147 1574; x_wconf 84' lang='lat' dir='ltr'><strong>igitur</strong></span> <span class='ocrx_word' id='word_1_111' title='bbox 1160 1515 1210 1554; x_wconf 89' lang='lat' dir='ltr'><strong>res</strong></span> 
     </span>
    </p>
   </div>
   <div class='ocr_carea' id='block_1_7' title="bbox 241 1585 1320 1662">
    <p class='ocr_par' dir='ltr' id='par_1_7' title="bbox 241 1585 1320 1662">
     <span class='ocr_line' id='line_1_14' title="bbox 241 1585 1320 1662; baseline 0.002 -20"><span class='ocrx_word' id='word_1_112' title='bbox 241 1585 376 1662; x_wconf 82' lang='lat' dir='ltr'><strong>aptissimi</strong></span> <span class='ocrx_word' id='word_1_113' title='bbox 398 1587 508 1651; x_wconf 68' lang='lat' dir='ltr'><strong>erimus</strong></span> <span class='ocrx_word' id='word_1_114' title='bbox 524 1585 552 1641; x_wconf 92' lang='lat' dir='ltr'><strong>in</strong></span> <span class='ocrx_word' id='word_1_115' title='bbox 573 1585 605 1641; x_wconf 90' lang='lat' dir='ltr'><strong>iis</strong></span> <span class='ocrx_word' id='word_1_116' title='bbox 627 1585 803 1661; x_wconf 86' lang='lat' dir='ltr'><strong>potissimum</strong></span> <span class='ocrx_word' id='word_1_117' title='bbox 826 1585 1040 1642; x_wconf 87' lang='lat' dir='ltr'><strong>elaborabimus.</strong></span> <span class='ocrx_word' id='word_1_118' title='bbox 1083 1585 1132 1642; x_wconf 85' lang='lat' dir='ltr'><strong>Sin</strong></span> <span class='ocrx_word' id='word_1_119' title='bbox 1156 1586 1208 1643; x_wconf 88' lang='lat' dir='ltr'><strong>ali-</strong></span> <span class='ocrx_word' id='word_1_120' title='bbox 1319 1641 1320 1644; x_wconf 74' lang='grc'>,</span> 
     </span>
    </p>
   </div>
   <div class='ocr_carea' id='block_1_8' title="bbox 189 1673 1210 2111">
    <p class='ocr_par' dir='ltr' id='par_1_8' title="bbox 240 1673 1210 1931">
     <span class='ocr_line' id='line_1_15' title="bbox 240 1673 1210 1752; baseline 0.002 -21"><span class='ocrx_word' id='word_1_121' title='bbox 240 1676 354 1752; x_wconf 86' lang='lat' dir='ltr'><strong>quando</strong></span> <span class='ocrx_word' id='word_1_122' title='bbox 376 1674 528 1732; x_wconf 86' lang='lat' dir='ltr'><strong>necessitas</strong></span> <span class='ocrx_word' id='word_1_123' title='bbox 550 1693 600 1730; x_wconf 89' lang='lat' dir='ltr'><strong>nos</strong></span> <span class='ocrx_word' id='word_1_124' title='bbox 621 1673 657 1730; x_wconf 91' lang='lat' dir='ltr'><strong>ad</strong></span> <span class='ocrx_word' id='word_1_125' title='bbox 678 1692 711 1730; x_wconf 90' lang='lat' dir='ltr'><strong>ea</strong></span> <span class='ocrx_word' id='word_1_126' title='bbox 732 1674 892 1740; x_wconf 82' lang='lat' dir='ltr'><strong>detruserit,</strong></span> <span class='ocrx_word' id='word_1_127' title='bbox 907 1693 973 1750; x_wconf 87' lang='lat' dir='ltr'><strong>quae</strong></span> <span class='ocrx_word' id='word_1_128' title='bbox 993 1675 1081 1732; x_wconf 91' lang='lat' dir='ltr'><strong>nostri</strong></span> <span class='ocrx_word' id='word_1_129' title='bbox 1100 1675 1210 1752; x_wconf 90' lang='lat' dir='ltr'><strong>ingenii</strong></span> 
     </span>
     <span class='ocr_line' id='line_1_16' title="bbox 240 1762 1208 1841; baseline 0 -20"><span class='ocrx_word' id='word_1_130' title='bbox 240 1773 401 1832; x_wconf 88' lang='lat' dir='ltr'><strong>nonerunt,</strong></span> <span class='ocrx_word' id='word_1_131' title='bbox 416 1763 505 1820; x_wconf 89' lang='lat' dir='ltr'><strong>omnis</strong></span> <span class='ocrx_word' id='word_1_132' title='bbox 525 1762 687 1820; x_wconf 87' lang='lat' dir='ltr'><strong>adhibenda</strong></span> <span class='ocrx_word' id='word_1_133' title='bbox 708 1763 760 1820; x_wconf 85' lang='lat' dir='ltr'><strong>erit</strong></span> <span class='ocrx_word' id='word_1_134' title='bbox 781 1781 856 1829; x_wconf 85' lang='lat' dir='ltr'><strong>cura,</strong></span> <span class='ocrx_word' id='word_1_135' title='bbox 878 1763 1031 1830; x_wconf 86' lang='lat' dir='ltr'><strong>meditatio,</strong></span> <span class='ocrx_word' id='word_1_136' title='bbox 1051 1763 1208 1841; x_wconf 85' lang='lat' dir='ltr'><strong>diligentia,</strong></span> 
     </span>
     <span class='ocr_line' id='line_1_17' title="bbox 240 1853 1207 1931; baseline 0 -19"><span class='ocrx_word' id='word_1_137' title='bbox 240 1861 273 1912; x_wconf 93' lang='lat' dir='ltr'><strong>ut</strong></span> <span class='ocrx_word' id='word_1_138' title='bbox 287 1875 328 1921; x_wconf 88' lang='lat' dir='ltr'><strong>ea,</strong></span> <span class='ocrx_word' id='word_1_139' title='bbox 343 1855 366 1912; x_wconf 85' lang='lat' dir='ltr'><strong>si</strong></span> <span class='ocrx_word' id='word_1_140' title='bbox 381 1873 435 1911; x_wconf 92' lang='lat' dir='ltr'><strong>non</strong></span> <span class='ocrx_word' id='word_1_141' title='bbox 456 1854 566 1919; x_wconf 87' lang='lat' dir='ltr'><strong>decore,</strong></span> <span class='ocrx_word' id='word_1_142' title='bbox 582 1860 612 1912; x_wconf 86' lang='lat' dir='ltr'><strong>at</strong></span> <span class='ocrx_word' id='word_1_143' title='bbox 631 1871 719 1928; x_wconf 84' lang='lat' dir='ltr'><strong>quam</strong></span> <span class='ocrx_word' id='word_1_144' title='bbox 739 1853 851 1909; x_wconf 90' lang='lat' dir='ltr'><strong>minime</strong></span> <span class='ocrx_word' id='word_1_145' title='bbox 872 1853 1003 1910; x_wconf 85' lang='lat' dir='ltr'><strong>indecore</strong></span> <span class='ocrx_word' id='word_1_146' title='bbox 1025 1853 1118 1911; x_wconf 85' lang='lat' dir='ltr'><strong>faeere</strong></span> <span class='ocrx_word' id='word_1_147' title='bbox 1138 1873 1207 1931; x_wconf 89' lang='lat' dir='ltr'><strong>pos-</strong></span> 
     </span>
    </p>

    <p class='ocr_par' dir='ltr' id='par_1_9' title="bbox 189 1941 1208 2111">
     <span class='ocr_line' id='line_1_18' title="bbox 189 1941 1208 2020; baseline 0.001 -19"><span class='ocrx_word' id='word_1_148' title='bbox 189 1945 336 2003; x_wconf 72' lang='lat' dir='ltr'><strong>lusimus.</strong></span> <span class='ocrx_word' id='word_1_149' title='bbox 378 1943 439 2001; x_wconf 87' lang='lat' dir='ltr'><strong>Nec</strong></span> <span class='ocrx_word' id='word_1_150' title='bbox 461 1951 520 2000; x_wconf 89' lang='lat' dir='ltr'><strong>tam</strong></span> <span class='ocrx_word' id='word_1_151' title='bbox 542 1953 585 2000; x_wconf 88' lang='lat' dir='ltr'><strong>est</strong></span> <span class='ocrx_word' id='word_1_152' title='bbox 605 1941 776 2008; x_wconf 86' lang='lat' dir='ltr'><strong>enitendum,</strong></span> <span class='ocrx_word' id='word_1_153' title='bbox 792 1948 825 1998; x_wconf 91' lang='lat' dir='ltr'><strong>ut</strong></span> <span class='ocrx_word' id='word_1_154' title='bbox 846 1943 928 2009; x_wconf 89' lang='lat' dir='ltr'><strong>bona,</strong></span> <span class='ocrx_word' id='word_1_155' title='bbox 950 1961 1013 2020; x_wconf 82' lang='lat' dir='ltr'><strong>quae</strong></span> <span class='ocrx_word' id='word_1_156' title='bbox 1033 1943 1114 2002; x_wconf 84' lang='lat' dir='ltr'><strong>nobis</strong></span> <span class='ocrx_word' id='word_1_157' title='bbox 1136 1943 1208 2002; x_wconf 86' lang='lat' dir='ltr'><strong>data</strong></span> 
     </span>
     <span class='ocr_line' id='line_1_19' title="bbox 240 2031 944 2111; baseline -0.003 -21"><span class='ocrx_word' id='word_1_158' title='bbox 240 2053 296 2091; x_wconf 93' lang='lat' dir='ltr'><strong>non</strong></span> <span class='ocrx_word' id='word_1_159' title='bbox 310 2033 375 2101; x_wconf 92' lang='lat' dir='ltr'><strong>sint,</strong></span> <span class='ocrx_word' id='word_1_160' title='bbox 390 2052 549 2110; x_wconf 85' lang='lat' dir='ltr'><strong>sequamur,</strong></span> <span class='ocrx_word' id='word_1_161' title='bbox 565 2051 651 2111; x_wconf 89' lang='lat' dir='ltr'><strong>quam</strong></span> <span class='ocrx_word' id='word_1_162' title='bbox 665 2040 698 2090; x_wconf 92' lang='lat' dir='ltr'><strong>ut</strong></span> <span class='ocrx_word' id='word_1_163' title='bbox 712 2031 779 2088; x_wconf 87' lang='lat' dir='ltr'><strong>vitia</strong></span> <span class='ocrx_word' id='word_1_164' title='bbox 792 2031 944 2109; x_wconf 82' lang='lat' dir='ltr'><strong>fugiamus.</strong></span> 
     </span>
    </p>
   </div>
   <div class='ocr_carea' id='block_1_9' title="bbox 128 2209 1206 3815">
    <p class='ocr_par' dir='ltr' id='par_1_10' title="bbox 208 2209 1206 3551">
     <span class='ocr_line' id='line_1_20' title="bbox 279 2209 1204 2288; baseline 0 -17"><span class='ocrx_word' id='word_1_165' title='bbox 279 2213 401 2272; x_wconf 91' lang='lat' dir='ltr'><strong>XXXII.</strong></span> <span class='ocrx_word' id='word_1_166' title='bbox 417 2213 463 2270; x_wconf 87' lang='lat' dir='ltr'><strong>Ac</strong></span> <span class='ocrx_word' id='word_1_167' title='bbox 474 2212 586 2269; x_wconf 86' lang='lat' dir='ltr'><strong>duabus</strong></span> <span class='ocrx_word' id='word_1_168' title='bbox 596 2211 639 2268; x_wconf 85' lang='lat' dir='ltr'><strong>his</strong></span> <span class='ocrx_word' id='word_1_169' title='bbox 654 2209 789 2288; x_wconf 87' lang='lat' dir='ltr'><strong>personis,</strong></span> <span class='ocrx_word' id='word_1_170' title='bbox 802 2229 872 2286; x_wconf 89' lang='lat' dir='ltr'><strong>quas</strong></span> <span class='ocrx_word' id='word_1_171' title='bbox 883 2229 970 2288; x_wconf 87' lang='lat' dir='ltr'><strong>supra</strong></span> <span class='ocrx_word' id='word_1_172' title='bbox 981 2212 1046 2279; x_wconf 88' lang='lat' dir='ltr'><strong>dixi,</strong></span> <span class='ocrx_word' id='word_1_173' title='bbox 1058 2211 1142 2270; x_wconf 85' lang='lat' dir='ltr'><strong>tertia</strong></span> <span class='ocrx_word' id='word_1_174' title='bbox 1153 2213 1204 2270; x_wconf 88' lang='lat' dir='ltr'><strong>ad-</strong></span> 
     </span>
     <span class='ocr_line' id='line_1_21' title="bbox 238 2300 1204 2384; baseline -0.002 -23"><span class='ocrx_word' id='word_1_175' title='bbox 238 2304 376 2384; x_wconf 82' lang='lat' dir='ltr'><strong>jungitur,</strong></span> <span class='ocrx_word' id='word_1_176' title='bbox 386 2321 471 2380; x_wconf 89' lang='lat' dir='ltr'><strong>quam</strong></span> <span class='ocrx_word' id='word_1_177' title='bbox 483 2321 564 2360; x_wconf 85' lang='lat' dir='ltr'><strong>casus</strong></span> <span class='ocrx_word' id='word_1_178' title='bbox 574 2301 658 2377; x_wconf 89' lang='lat' dir='ltr'><strong>aliqui</strong></span> <span class='ocrx_word' id='word_1_179' title='bbox 669 2309 719 2358; x_wconf 89' lang='lat' dir='ltr'><strong>aut</strong></span> <span class='ocrx_word' id='word_1_180' title='bbox 729 2307 844 2375; x_wconf 74' lang='lat' dir='ltr'><strong>tempus</strong></span> <span class='ocrx_word' id='word_1_181' title='bbox 853 2300 986 2378; x_wconf 91' lang='lat' dir='ltr'><strong>imponit:</strong></span> <span class='ocrx_word' id='word_1_182' title='bbox 1002 2303 1204 2378; x_wconf 89' lang='lat' dir='ltr'><strong>quartaetiam,</strong></span> 
     </span>
     <span class='ocr_line' id='line_1_22' title="bbox 208 2391 1206 2470; baseline -0.002 -19"><span class='ocrx_word' id='word_1_183' title='bbox 208 2401 327 2470; x_wconf 70' lang='lat' dir='ltr'><strong>tquam</strong></span> <span class='ocrx_word' id='word_1_184' title='bbox 348 2394 487 2451; x_wconf 88' lang='lat' dir='ltr'><strong>nobismet</strong></span> <span class='ocrx_word' id='word_1_185' title='bbox 507 2391 561 2469; x_wconf 91' lang='lat' dir='ltr'><strong>ipsi</strong></span> <span class='ocrx_word' id='word_1_186' title='bbox 583 2391 690 2468; x_wconf 87' lang='lat' dir='ltr'><strong>judicio</strong></span> <span class='ocrx_word' id='word_1_187' title='bbox 710 2397 807 2447; x_wconf 90' lang='lat' dir='ltr'><strong>nostro</strong></span> <span class='ocrx_word' id='word_1_188' title='bbox 829 2391 1086 2449; x_wconf 85' lang='lat' dir='ltr'><strong>accommodamus.</strong></span> <span class='ocrx_word' id='word_1_189' title='bbox 1128 2392 1206 2450; x_wconf 87' lang='lat' dir='ltr'><strong>Nam</strong></span> 
     </span>
     <span class='ocr_line' id='line_1_23' title="bbox 239 2480 1204 2561; baseline -0.002 -21"><span class='ocrx_word' id='word_1_190' title='bbox 239 2503 336 2561; x_wconf 87' lang='lat' dir='ltr'><strong>regna,</strong></span> <span class='ocrx_word' id='word_1_191' title='bbox 362 2482 488 2560; x_wconf 88' lang='lat' dir='ltr'><strong>imperia,</strong></span> <span class='ocrx_word' id='word_1_192' title='bbox 514 2481 683 2548; x_wconf 69' lang='lat' dir='ltr'><strong>nobilitates</strong></span> <span class='ocrx_word' id='word_1_193' title='bbox 707 2481 838 2548; x_wconf 68' lang='lat' dir='ltr'><strong>honores</strong></span> <span class='ocrx_word' id='word_1_194' title='bbox 862 2480 976 2547; x_wconf 85' lang='lat' dir='ltr'><strong>divitiae,</strong></span> <span class='ocrx_word' id='word_1_195' title='bbox 1003 2500 1081 2558; x_wconf 87' lang='lat' dir='ltr'><strong>opes,</strong></span> <span class='ocrx_word' id='word_1_196' title='bbox 1105 2500 1204 2558; x_wconf 88' lang='lat' dir='ltr'><strong>eaque,</strong></span> 
     </span>
     <span class='ocr_line' id='line_1_24' title="bbox 239 2569 1205 2650; baseline -0.002 -20"><span class='ocrx_word' id='word_1_197' title='bbox 239 2594 305 2650; x_wconf 86' lang='lat' dir='ltr'><strong>quas</strong></span> <span class='ocrx_word' id='word_1_198' title='bbox 327 2581 393 2630; x_wconf 90' lang='lat' dir='ltr'><strong>sunt</strong></span> <span class='ocrx_word' id='word_1_199' title='bbox 413 2572 456 2628; x_wconf 87' lang='lat' dir='ltr'><strong>his</strong></span> <span class='ocrx_word' id='word_1_200' title='bbox 477 2571 623 2636; x_wconf 87' lang='lat' dir='ltr'><strong>contraria,</strong></span> <span class='ocrx_word' id='word_1_201' title='bbox 638 2569 666 2626; x_wconf 92' lang='lat' dir='ltr'><strong>in</strong></span> <span class='ocrx_word' id='word_1_202' title='bbox 685 2589 753 2627; x_wconf 89' lang='lat' dir='ltr'><strong>casu</strong></span> <span class='ocrx_word' id='word_1_203' title='bbox 771 2571 833 2638; x_wconf 89' lang='lat' dir='ltr'><strong>sita,</strong></span> <span class='ocrx_word' id='word_1_204' title='bbox 848 2570 1023 2647; x_wconf 88' lang='lat' dir='ltr'><strong>temporibus</strong></span> <span class='ocrx_word' id='word_1_205' title='bbox 1042 2571 1205 2649; x_wconf 87' lang='lat' dir='ltr'><strong>gubernan-</strong></span> 
     </span>
     <span class='ocr_line' id='line_1_25' title="bbox 208 2659 1206 2737; baseline -0.003 -16"><span class='ocrx_word' id='word_1_206' title='bbox 208 2671 225 2721; x_wconf 81' lang='lat'><strong>3</strong></span> <span class='ocrx_word' id='word_1_207' title='bbox 240 2671 294 2720; x_wconf 90' lang='lat' dir='ltr'><strong>tur.</strong></span> <span class='ocrx_word' id='word_1_208' title='bbox 330 2661 390 2737; x_wconf 87' lang='lat' dir='ltr'><strong>ipsi</strong></span> <span class='ocrx_word' id='word_1_209' title='bbox 404 2667 499 2716; x_wconf 86' lang='lat' dir='ltr'><strong>autem</strong></span> <span class='ocrx_word' id='word_1_210' title='bbox 514 2676 612 2736; x_wconf 86' lang='lat' dir='ltr'><strong>gerere</strong></span> <span class='ocrx_word' id='word_1_211' title='bbox 622 2678 709 2734; x_wconf 90' lang='lat' dir='ltr'><strong>quam</strong></span> <span class='ocrx_word' id='word_1_212' title='bbox 723 2678 864 2736; x_wconf 86' lang='lat' dir='ltr'><strong>person</strong></span> <span class='ocrx_word' id='word_1_213' title='bbox 874 2679 928 2717; x_wconf 89' lang='lat' dir='ltr'><strong>am</strong></span> <span class='ocrx_word' id='word_1_214' title='bbox 942 2659 1069 2728; x_wconf 87' lang='lat' dir='ltr'><strong>velimus,</strong></span> <span class='ocrx_word' id='word_1_215' title='bbox 1080 2668 1206 2718; x_wconf 86' lang='lat' dir='ltr'><strong>anostra</strong></span> 
     </span>
     <span class='ocr_line' id='line_1_26' title="bbox 239 2749 1206 2828; baseline 0.002 -20"><span class='ocrx_word' id='word_1_216' title='bbox 239 2753 384 2808; x_wconf 84' lang='lat' dir='ltr'><strong>voluntate</strong></span> <span class='ocrx_word' id='word_1_217' title='bbox 407 2749 600 2826; x_wconf 91' lang='lat' dir='ltr'><strong>proficiscitur.</strong></span> <span class='ocrx_word' id='word_1_218' title='bbox 642 2751 744 2825; x_wconf 89' lang='lat' dir='ltr'><strong>Itaque</strong></span> <span class='ocrx_word' id='word_1_219' title='bbox 758 2769 789 2808; x_wconf 89' lang='lat' dir='ltr'><strong>se</strong></span> <span class='ocrx_word' id='word_1_220' title='bbox 807 2751 853 2807; x_wconf 89' lang='lat' dir='ltr'><strong>alii</strong></span> <span class='ocrx_word' id='word_1_221' title='bbox 871 2750 908 2807; x_wconf 88' lang='lat' dir='ltr'><strong>ad</strong></span> <span class='ocrx_word' id='word_1_222' title='bbox 927 2750 1143 2828; x_wconf 86' lang='lat' dir='ltr'><strong>philosophiam,</strong></span> <span class='ocrx_word' id='word_1_223' title='bbox 1159 2751 1206 2810; x_wconf 92' lang='lat' dir='ltr'><strong>alii</strong></span> 
     </span>
     <span class='ocr_line' id='line_1_27' title="bbox 240 2837 1205 2918; baseline 0.002 -21"><span class='ocrx_word' id='word_1_224' title='bbox 240 2840 277 2897; x_wconf 87' lang='lat' dir='ltr'><strong>ed</strong></span> <span class='ocrx_word' id='word_1_225' title='bbox 289 2840 337 2917; x_wconf 89' lang='lat' dir='ltr'><strong>jus</strong></span> <span class='ocrx_word' id='word_1_226' title='bbox 351 2839 439 2903; x_wconf 87' lang='lat' dir='ltr'><strong>civile,</strong></span> <span class='ocrx_word' id='word_1_227' title='bbox 454 2838 499 2894; x_wconf 92' lang='lat' dir='ltr'><strong>alii</strong></span> <span class='ocrx_word' id='word_1_228' title='bbox 513 2837 549 2894; x_wconf 88' lang='lat' dir='ltr'><strong>ad</strong></span> <span class='ocrx_word' id='word_1_229' title='bbox 564 2837 752 2914; x_wconf 91' lang='lat' dir='ltr'><strong>eloquentiam</strong></span> <span class='ocrx_word' id='word_1_230' title='bbox 771 2839 933 2916; x_wconf 85' lang='lat' dir='ltr'><strong>applicant;</strong></span> <span class='ocrx_word' id='word_1_231' title='bbox 954 2839 1136 2918; x_wconf 88' lang='lat' dir='ltr'><strong>ipsarumque</strong></span> <span class='ocrx_word' id='word_1_232' title='bbox 1150 2841 1205 2898; x_wconf 84' lang='lat' dir='ltr'><strong>vir·</strong></span> 
     </span>
     <span class='ocr_line' id='line_1_28' title="bbox 208 2927 1206 3007; baseline 0.002 -19"><span class='ocrx_word' id='word_1_233' title='bbox 208 2935 335 2988; x_wconf 82' lang='lat' dir='ltr'><strong>4tutum</strong></span> <span class='ocrx_word' id='word_1_234' title='bbox 357 2927 385 2986; x_wconf 94' lang='lat' dir='ltr'><strong>in</strong></span> <span class='ocrx_word' id='word_1_235' title='bbox 407 2927 549 2985; x_wconf 75' lang='lat' dir='ltr'><strong>altcarius</strong></span> <span class='ocrx_word' id='word_1_236' title='bbox 570 2928 678 2984; x_wconf 88' lang='lat' dir='ltr'><strong>mavult</strong></span> <span class='ocrx_word' id='word_1_237' title='bbox 698 2930 843 2987; x_wconf 89' lang='lat' dir='ltr'><strong>excellere.</strong></span> <span class='ocrx_word' id='word_1_238' title='bbox 886 2931 1014 2998; x_wconf 81' lang='lat' dir='ltr'><strong>Quorum</strong></span> <span class='ocrx_word' id='word_1_239' title='bbox 1028 2949 1095 2988; x_wconf 88' lang='lat' dir='ltr'><strong>vero</strong></span> <span class='ocrx_word' id='word_1_240' title='bbox 1109 2937 1206 3007; x_wconf 85' lang='lat' dir='ltr'><strong>patres</strong></span> 
     </span>
     <span class='ocr_line' id='line_1_29' title="bbox 241 3017 1206 3097; baseline 0.001 -20"><span class='ocrx_word' id='word_1_241' title='bbox 241 3028 291 3077; x_wconf 89' lang='lat' dir='ltr'><strong>aut</strong></span> <span class='ocrx_word' id='word_1_242' title='bbox 304 3019 425 3097; x_wconf 88' lang='lat' dir='ltr'><strong>majores</strong></span> <span class='ocrx_word' id='word_1_243' title='bbox 439 3017 533 3094; x_wconf 90' lang='lat' dir='ltr'><strong>aliqua</strong></span> <span class='ocrx_word' id='word_1_244' title='bbox 551 3017 641 3096; x_wconf 86' lang='lat' dir='ltr'><strong>gloria</strong></span> <span class='ocrx_word' id='word_1_245' title='bbox 659 3019 860 3095; x_wconf 84' lang='lat' dir='ltr'><strong>praestiterunt,</strong></span> <span class='ocrx_word' id='word_1_246' title='bbox 875 3019 893 3076; x_wconf 91' lang='lat' dir='ltr'><strong>ii</strong></span> <span class='ocrx_word' id='word_1_247' title='bbox 907 3019 1023 3077; x_wconf 90' lang='lat' dir='ltr'><strong>student</strong></span> <span class='ocrx_word' id='word_1_248' title='bbox 1037 3019 1206 3097; x_wconf 81' lang='lat' dir='ltr'><strong>plerumque</strong></span> 
     </span>
     <span class='ocr_line' id='line_1_30' title="bbox 241 3107 1206 3186; baseline 0.002 -18"><span class='ocrx_word' id='word_1_249' title='bbox 241 3110 341 3168; x_wconf 89' lang='lat' dir='ltr'><strong>eodem</strong></span> <span class='ocrx_word' id='word_1_250' title='bbox 362 3110 391 3166; x_wconf 90' lang='lat' dir='ltr'><strong>iu</strong></span> <span class='ocrx_word' id='word_1_251' title='bbox 414 3127 517 3186; x_wconf 86' lang='lat' dir='ltr'><strong>genere</strong></span> <span class='ocrx_word' id='word_1_252' title='bbox 537 3108 629 3165; x_wconf 85' lang='lat' dir='ltr'><strong>laudis</strong></span> <span class='ocrx_word' id='word_1_253' title='bbox 649 3109 802 3167; x_wconf 84' lang='lat' dir='ltr'><strong>excellere:</strong></span> <span class='ocrx_word' id='word_1_254' title='bbox 828 3116 861 3166; x_wconf 92' lang='lat' dir='ltr'><strong>ut</strong></span> <span class='ocrx_word' id='word_1_255' title='bbox 882 3111 915 3178; x_wconf 82' lang='lat' dir='ltr'><strong>Q.</strong></span> <span class='ocrx_word' id='word_1_256' title='bbox 937 3107 1056 3177; x_wconf 86' lang='lat' dir='ltr'><strong>Mucius,</strong></span> <span class='ocrx_word' id='word_1_257' title='bbox 1073 3110 1107 3168; x_wconf 95' lang='lat' dir='ltr'><strong>P.</strong></span> <span class='ocrx_word' id='word_1_258' title='bbox 1120 3111 1162 3177; x_wconf 78' lang='lat' dir='ltr'><strong>F..</strong></span> <span class='ocrx_word' id='word_1_259' title='bbox 1176 3111 1206 3170; x_wconf 90' lang='lat' dir='ltr'><strong>in</strong></span> 
     </span>
     <span class='ocr_line' id='line_1_31' title="bbox 209 3197 1206 3277; baseline 0 -18"><span class='ocrx_word' id='word_1_260' title='bbox 209 3200 303 3277; x_wconf 74' lang='lat' dir='ltr'><strong>ajure</strong></span> <span class='ocrx_word' id='word_1_261' title='bbox 324 3198 395 3256; x_wconf 87' lang='lat' dir='ltr'><strong>civili</strong></span> <span class='ocrx_word' id='word_1_262' title='bbox 406 3218 413 3266; x_wconf 90' lang='lat'>;</span> <span class='ocrx_word' id='word_1_263' title='bbox 439 3198 532 3256; x_wconf 88' lang='lat' dir='ltr'><strong>Paulli</strong></span> <span class='ocrx_word' id='word_1_264' title='bbox 556 3197 628 3255; x_wconf 88' lang='lat' dir='ltr'><strong>filius</strong></span> <span class='ocrx_word' id='word_1_265' title='bbox 649 3198 801 3258; x_wconf 85' lang='lat' dir='ltr'><strong>Africanus</strong></span> <span class='ocrx_word' id='word_1_266' title='bbox 821 3201 849 3259; x_wconf 89' lang='lat' dir='ltr'><strong>in</strong></span> <span class='ocrx_word' id='word_1_267' title='bbox 869 3219 900 3258; x_wconf 88' lang='lat' dir='ltr'><strong>re</strong></span> <span class='ocrx_word' id='word_1_268' title='bbox 920 3199 1040 3259; x_wconf 89' lang='lat' dir='ltr'><strong>militari.</strong></span> <span class='ocrx_word' id='word_1_269' title='bbox 1082 3200 1206 3268; x_wconf 80' lang='lat' dir='ltr'><strong>Quidam</strong></span> 
     </span>
     <span class='ocr_line' id='line_1_32' title="bbox 241 3287 1204 3368; baseline 0.002 -22"><span class='ocrx_word' id='word_1_270' title='bbox 241 3296 337 3346; x_wconf 88' lang='lat' dir='ltr'><strong>autern</strong></span> <span class='ocrx_word' id='word_1_271' title='bbox 348 3287 385 3344; x_wconf 88' lang='lat' dir='ltr'><strong>ad</strong></span> <span class='ocrx_word' id='word_1_272' title='bbox 399 3307 447 3344; x_wconf 89' lang='lat' dir='ltr'><strong>eas</strong></span> <span class='ocrx_word' id='word_1_273' title='bbox 461 3287 568 3353; x_wconf 90' lang='lat' dir='ltr'><strong>laudes,</strong></span> <span class='ocrx_word' id='word_1_274' title='bbox 581 3306 652 3364; x_wconf 90' lang='lat' dir='ltr'><strong>quas</strong></span> <span class='ocrx_word' id='word_1_275' title='bbox 665 3306 683 3368; x_wconf 84' lang='lat' dir='ltr'><strong>a</strong></span> <span class='ocrx_word' id='word_1_276' title='bbox 697 3290 824 3364; x_wconf 87' lang='lat' dir='ltr'><strong>patribus</strong></span> <span class='ocrx_word' id='word_1_277' title='bbox 839 3297 1019 3368; x_wconf 86' lang='lat' dir='ltr'><strong>acceperunt,</strong></span> <span class='ocrx_word' id='word_1_278' title='bbox 1030 3289 1140 3346; x_wconf 88' lang='lat' dir='ltr'><strong>addunt</strong></span> <span class='ocrx_word' id='word_1_279' title='bbox 1155 3290 1204 3349; x_wconf 92' lang='lat' dir='ltr'><strong>ali-</strong></span> 
     </span>
     <span class='ocr_line' id='line_1_33' title="bbox 242 3376 1204 3457; baseline 0.002 -22"><span class='ocrx_word' id='word_1_280' title='bbox 242 3397 327 3456; x_wconf 89' lang='lat' dir='ltr'><strong>quam</strong></span> <span class='ocrx_word' id='word_1_281' title='bbox 339 3395 420 3434; x_wconf 90' lang='lat' dir='ltr'><strong>suam</strong></span> <span class='ocrx_word' id='word_1_282' title='bbox 430 3395 435 3432; x_wconf 94' lang='lat'>:</span> <span class='ocrx_word' id='word_1_283' title='bbox 457 3384 491 3433; x_wconf 91' lang='lat' dir='ltr'><strong>ut</strong></span> <span class='ocrx_word' id='word_1_284' title='bbox 504 3377 549 3433; x_wconf 88' lang='lat' dir='ltr'><strong>hio</strong></span> <span class='ocrx_word' id='word_1_285' title='bbox 562 3376 638 3433; x_wconf 88' lang='lat' dir='ltr'><strong>idem</strong></span> <span class='ocrx_word' id='word_1_286' title='bbox 649 3377 801 3436; x_wconf 85' lang='lat' dir='ltr'><strong>Africanus</strong></span> <span class='ocrx_word' id='word_1_287' title='bbox 812 3379 971 3457; x_wconf 89' lang='lat' dir='ltr'><strong>eloquentia</strong></span> <span class='ocrx_word' id='word_1_288' title='bbox 982 3378 1135 3436; x_wconf 80' lang='lat' dir='ltr'><strong>cumulavit</strong></span> <span class='ocrx_word' id='word_1_289' title='bbox 1145 3380 1204 3437; x_wconf 91' lang='lat' dir='ltr'><strong>bel-</strong></span> 
     </span>
     <span class='ocr_line' id='line_1_34' title="bbox 241 3465 1203 3551; baseline 0.001 -26"><span class='ocrx_word' id='word_1_290' title='bbox 241 3468 323 3526; x_wconf 90' lang='lat' dir='ltr'><strong>licam</strong></span> <span class='ocrx_word' id='word_1_291' title='bbox 343 3465 470 3545; x_wconf 90' lang='lat' dir='ltr'><strong>gloriam,</strong></span> <span class='ocrx_word' id='word_1_292' title='bbox 492 3465 570 3542; x_wconf 90' lang='lat' dir='ltr'><strong>quod</strong></span> <span class='ocrx_word' id='word_1_293' title='bbox 592 3465 666 3522; x_wconf 90' lang='lat' dir='ltr'><strong>idem</strong></span> <span class='ocrx_word' id='word_1_294' title='bbox 689 3467 756 3524; x_wconf 87' lang='lat' dir='ltr'><strong>iecit</strong></span> <span class='ocrx_word' id='word_1_295' title='bbox 777 3469 951 3551; x_wconf 84' lang='lat' dir='ltr'><strong>Timotheus,</strong></span> <span class='ocrx_word' id='word_1_296' title='bbox 976 3468 1100 3526; x_wconf 81' lang='lat' dir='ltr'><strong>Cononis</strong></span> <span class='ocrx_word' id='word_1_297' title='bbox 1121 3469 1203 3538; x_wconf 90' lang='lat' dir='ltr'><strong>filius,</strong></span> 
     </span>
    </p>

    <p class='ocr_par' dir='ltr' id='par_1_11' title="bbox 128 3555 1205 3815">
     <span class='ocr_line' id='line_1_35' title="bbox 128 3555 1205 3635; baseline 0.002 -20"><span class='ocrx_word' id='word_1_298' title='bbox 128 3595 133 3600; x_wconf 93' lang='lat'>-</span> <span class='ocrx_word' id='word_1_299' title='bbox 242 3557 298 3635; x_wconf 91' lang='lat' dir='ltr'><strong>qui,</strong></span> <span class='ocrx_word' id='word_1_300' title='bbox 320 3577 385 3615; x_wconf 91' lang='lat' dir='ltr'><strong>cum</strong></span> <span class='ocrx_word' id='word_1_301' title='bbox 406 3555 472 3614; x_wconf 91' lang='lat' dir='ltr'><strong>belli</strong></span> <span class='ocrx_word' id='word_1_302' title='bbox 495 3555 579 3612; x_wconf 86' lang='lat' dir='ltr'><strong>leude</strong></span> <span class='ocrx_word' id='word_1_303' title='bbox 603 3575 660 3612; x_wconf 89' lang='lat' dir='ltr'><strong>nou</strong></span> <span class='ocrx_word' id='word_1_304' title='bbox 682 3556 796 3616; x_wconf 85' lang='lat' dir='ltr'><strong>inferior</strong></span> <span class='ocrx_word' id='word_1_305' title='bbox 819 3559 927 3626; x_wconf 86' lang='lat' dir='ltr'><strong>fuisset,</strong></span> <span class='ocrx_word' id='word_1_306' title='bbox 949 3577 1036 3634; x_wconf 88' lang='lat' dir='ltr'><strong>quam</strong></span> <span class='ocrx_word' id='word_1_307' title='bbox 1056 3565 1145 3635; x_wconf 91' lang='lat' dir='ltr'><strong>pater,</strong></span> <span class='ocrx_word' id='word_1_308' title='bbox 1167 3559 1205 3617; x_wconf 87' lang='lat' dir='ltr'><strong>ad</strong></span> 
     </span>
     <span class='ocr_line' id='line_1_36' title="bbox 210 3645 1204 3725; baseline 0.001 -19"><span class='ocrx_word' id='word_1_309' title='bbox 210 3653 227 3707; x_wconf 82' lang='lat'>6</span> <span class='ocrx_word' id='word_1_310' title='bbox 242 3666 305 3705; x_wconf 84' lang='lat' dir='ltr'><strong>eam</strong></span> <span class='ocrx_word' id='word_1_311' title='bbox 318 3645 433 3705; x_wconf 86' lang='lat' dir='ltr'><strong>laudem</strong></span> <span class='ocrx_word' id='word_1_312' title='bbox 448 3645 583 3704; x_wconf 82' lang='lat' dir='ltr'><strong>doctrinae</strong></span> <span class='ocrx_word' id='word_1_313' title='bbox 597 3652 626 3703; x_wconf 87' lang='lat' dir='ltr'><strong>et</strong></span> <span class='ocrx_word' id='word_1_314' title='bbox 640 3646 744 3724; x_wconf 90' lang='lat' dir='ltr'><strong>ingenii</strong></span> <span class='ocrx_word' id='word_1_315' title='bbox 760 3648 880 3725; x_wconf 87' lang='lat' dir='ltr'><strong>gloriam</strong></span> <span class='ocrx_word' id='word_1_316' title='bbox 895 3647 1007 3725; x_wconf 86' lang='lat' dir='ltr'><strong>adjecit.</strong></span> <span class='ocrx_word' id='word_1_317' title='bbox 1049 3647 1096 3705; x_wconf 88' lang='lat' dir='ltr'><strong>Fit</strong></span> <span class='ocrx_word' id='word_1_318' title='bbox 1109 3655 1204 3707; x_wconf 89' lang='lat' dir='ltr'><strong>autem</strong></span> 
     </span>
     <span class='ocr_line' id='line_1_37' title="bbox 242 3734 1203 3815; baseline 0.003 -21"><span class='ocrx_word' id='word_1_319' title='bbox 242 3736 385 3794; x_wconf 89' lang='lat' dir='ltr'><strong>interdum</strong></span> <span class='ocrx_word' id='word_1_320' title='bbox 412 3741 446 3794; x_wconf 91' lang='lat' dir='ltr'><strong>ut</strong></span> <span class='ocrx_word' id='word_1_321' title='bbox 471 3734 606 3802; x_wconf 86' lang='lat' dir='ltr'><strong>nonnulli,</strong></span> <span class='ocrx_word' id='word_1_322' title='bbox 634 3737 738 3794; x_wconf 89' lang='lat' dir='ltr'><strong>omissa</strong></span> <span class='ocrx_word' id='word_1_323' title='bbox 765 3736 920 3795; x_wconf 86' lang='lat' dir='ltr'><strong>imitatione</strong></span> <span class='ocrx_word' id='word_1_324' title='bbox 946 3737 1097 3815; x_wconf 86' lang='lat' dir='ltr'><strong>majorum,</strong></span> <span class='ocrx_word' id='word_1_325' title='bbox 1121 3755 1203 3798; x_wconf 87' lang='lat' dir='ltr'><strong>suum</strong></span> 
     </span>
    </p>
   </div>
   <div class='ocr_carea' id='block_1_10' title="bbox 0 0 1328 4288">
    <p class='ocr_par' dir='ltr' id='par_1_12' title="bbox 0 0 1328 4288">
     <span class='ocr_line' id='line_1_38' title="bbox 0 0 1328 4288; baseline 0 3"><span class='ocrx_word' id='word_1_326' title='bbox 0 0 1328 4288; x_wconf 95' lang='lat' dir='ltr'><strong> </strong></span> 
     </span>
    </p>
   </div>
  </div>
 </body>
</html>
