2750 4284
177 287 234 346 114
589 307 627 346 ne
642 305 771 348 eruens

227 431 319 490 XXV.
340 433 387 490 Ao
400 451 436 491 ne
449 433 498 490 ille
510 433 626 510 quidem
646 434 784 512 promissa
803 433 943 492 servande
963 439 1039 500 sunt,
1054 451 1123 510 quoe
1137 451 1213 493 non

195 527 294 580 2eunt
307 521 340 578 iis
353 521 421 597 ipsis
443 523 529 588 utilia,
544 523 646 598 quibus
667 524 716 580 illa
735 523 906 600 promiseris.
947 523 999 580 Sol
1018 523 1212 582 Phaethonti

228 610 292 676 filio,
308 617 340 666 ut
353 609 502 668 redeamus
516 611 553 668 ed
562 612 682 679 fabulae,
694 613 837 670 laeturum
852 630 883 668 se
897 630 960 668 esse
969 610 1047 678 dixit,
1057 611 1208 687 quiequid

227 705 363 774 optasset
405 699 532 776 Optavit,
548 701 621 758 utin
635 720 749 758 eurtum
765 701 851 776 patris
866 701 1019 758 tolleretur.
1055 701 1209 780 Sublatus

228 793 279 844 est.
321 788 420 863 Atque
433 788 457 844 is
470 798 623 864 antequam
643 790 776 856 constitit,
790 790 851 846 ietu
870 790 994 847 fulminis
1015 788 1206 866 deflagravit.
1243 853 1249 866 ι

195 882 213 933 8
228 876 341 943 Quanto
355 876 454 934 melius
468 877 569 945 lueret,
584 879 612 935 in
626 879 680 936 hoe
695 879 865 954 promissum
880 879 968 954 patris
982 896 1039 934 non
1052 896 1115 934 esse
1137 897 1205 934 ser-

228 955 344 1022 vatum!
385 965 468 1034 Quid,
483 967 560 1043 quod
575 967 702 1024 Theseus
715 967 810 1044 exegit
823 968 992 1042 promissum
1005 985 1023 1022 a
1033 967 1204 1043 Neptuno?

228 1054 282 1110 Oui
296 1073 362 1112 enm
375 1062 433 1112 tres
447 1056 607 1132 optationes
616 1057 769 1134 Neptunus
783 1055 918 1122 dedisset,
928 1056 1037 1132 optavit
1050 1055 1205 1114 interitum

228 1143 379 1221 Hippolyti
393 1145 449 1212 filii,
465 1147 566 1203 cumis
582 1145 655 1222 patri
669 1153 820 1222 suspectus
835 1154 911 1202 esset
925 1145 962 1203 de
975 1163 1113 1202 noverea:
1137 1164 1204 1221 quo

195 1236 327 1310 doptato
340 1234 500 1311 impetrato,
516 1235 641 1292 Theseus
656 1235 684 1292 in
699 1235 826 1292 maximis
846 1235 900 1292 suit
920 1233 1052 1292 luetihus.
1092 1235 1171 1302 Quid
1185 1241 1202 1297 ‘l

229 1325 429 1401 Agamemnon
442 1343 508 1382 oum
527 1324 687 1382 devovisset
702 1324 812 1390 Dionae,
828 1323 905 1400 quod
919 1323 948 1380 in
961 1343 1014 1382 suo
1026 1342 1115 1400 regno
1131 1323 1200 1400 pul-

229 1413 399 1470 cherrimum
414 1421 512 1470 natum
526 1423 602 1470 esset
615 1415 663 1470 illo
677 1431 759 1480 anno,
771 1413 927 1470 immolavit
940 1413 1125 1490 Iphigeniam,
1138 1431 1202 1489 qua

228 1503 297 1560 nihil
310 1510 371 1560 erat
384 1521 418 1560 eo
431 1503 547 1578 quidem
561 1523 634 1560 anno
647 1512 746 1560 natum
757 1503 911 1580 pulehrius.
953 1503 1128 1560 Promissum
1143 1521 1199 1578 po-

228 1590 285 1648 tius
298 1609 355 1647 non
368 1591 538 1657 faciendum,
553 1612 639 1668 quem
653 1600 712 1649 tem
726 1600 842 1650 taetrum
855 1591 966 1649 facinus
985 1591 1199 1648 admittendum

196 1679 291 1737 oluit.
332 1680 410 1755 Ergo
432 1686 462 1736 et
486 1681 626 1756 promissa
646 1699 703 1739 non
725 1681 854 1738 lenienda
873 1699 1082 1756 nonnunquam,
1103 1697 1197 1755 neque

197 1773 342 1843 dsemper
355 1767 486 1843 deposita
505 1768 660 1828 reddenda.
702 1769 732 1826 Si
754 1769 881 1846 gladium
899 1769 963 1845 quis
982 1769 1061 1845 apud
1074 1776 1105 1826 te
1124 1786 1196 1826 sana

229 1865 324 1912 mente
339 1857 511 1932 deposuerit,
526 1865 639 1935 repetat
658 1859 816 1926 insaniens3
837 1858 957 1916 reddere
978 1866 1128 1935 pennatum
1148 1858 1195 1924 sit,

198 1944 354 2003 'loffieium
375 1965 431 2002 non
453 1946 581 2004 reddere.
622 1947 707 2015 Quid,
722 1947 746 2003 si
769 1947 801 2013 is,
823 1948 871 2023 qui
891 1946 970 2024 apud
991 1954 1020 2004 te
1045 1947 1196 2024 pecuniam

231 2034 402 2111 deposuerit,
414 2036 519 2093 bellum
528 2037 629 2094 inserat
643 2037 753 2113 patriae,
763 2035 904 2094 reddasne
913 2035 1098 2113 depositum?
1119 2036 1195 2104 Non,

231 2125 324 2182 eredo.
366 2125 465 2182 Facias
487 2125 562 2182 enim
584 2132 682 2182 eontra
702 2144 762 2182 rem
782 2125 934 2201 publicam,
948 2143 1014 2201 quae
1027 2124 1114 2182 debet
1133 2141 1195 2184 esse

129 2269 134 2280 ,
199 2215 382 2273 Beatissimo.
423 2215 470 2271 Sic
494 2215 592 2288 multa,
614 2232 679 2290 quae
700 2214 821 2271 honesta
844 2222 947 2270 natura
970 2213 1101 2270 videntur
1123 2231 1194 2280 esse,

232 2303 408 2382 temporibus
422 2304 493 2360 fiunt
506 2323 563 2360 non
583 2304 711 2360 honesta.
740 2304 859 2371 ,Facere
880 2303 1026 2378 promissa,
1041 2311 1116 2360 stare
1129 2321 1194 2360 eon·

231 2393 331 2460 ventis,
346 2392 465 2450 reddere
486 2392 624 2469 deposita,
640 2398 814 2449 commutate
834 2391 963 2458 utilitate,
978 2392 1049 2450 fiunt
1069 2411 1125 2448 non
1144 2392 1193 2448 ho·

199 2489 217 2540 9
231 2491 320 2541 nesta.
361 2483 407 2540 Ae
421 2482 457 2539 de
471 2482 503 2538 iis
516 2482 640 2558 quidem,
650 2499 716 2557 quae
726 2480 861 2537 videntur
874 2499 936 2538 esse
950 2480 1085 2538 utilitates
1099 2487 1194 2540 eontra

229 2572 368 2650 justitiam
382 2571 558 2628 simulatione
573 2569 742 2646 prudentiae,
756 2569 824 2626 setis
837 2569 959 2628 arbitror
972 2569 1089 2628 dietum.

181 2755 219 2808 10
273 2747 332 2805 Sed
346 2747 478 2822 quonium
498 2765 516 2803 a
536 2755 672 2824 quattuor
690 2747 816 2804 fontibus
839 2747 994 2804 honestatis
1015 2747 1105 2824 primo
1124 2747 1191 2806 libre

232 2837 323 2894 officie
336 2835 476 2903 duximus,
491 2835 519 2892 in
533 2836 639 2892 eisdem
649 2855 802 2904 versemur,
814 2855 879 2893 eum
893 2835 1066 2902 docebimus,
1078 2855 1121 2902 ea,
1131 2853 1190 2912 qua

233 2927 381 2986 videantur
395 2944 456 2984 esse
477 2925 564 2992 utilia,
580 2943 671 3001 neque
692 2925 755 2992 sint,
771 2943 857 3002 qnam
878 2925 934 2982 sint
947 2925 1057 2982 virtutis
1076 2924 1187 2982 inimiea

182 3021 217 3075 ll
233 3017 279 3074 Ae
294 3017 330 3075 de
345 3016 495 3093 prudentia
507 3016 631 3094 quidem,
646 3033 733 3092 quam
743 3016 804 3072 vult
818 3014 919 3072 imitari
928 3015 1052 3082 malitia;
1072 3014 1188 3090 itemque

29 3169 33 3178 ,
182 3111 219 3164 12
234 3107 270 3163 de
282 3105 400 3182 justitia,
412 3124 476 3182 qnae
490 3125 603 3182 semper
616 3112 659 3162 est
673 3105 757 3170 utilis,
773 3104 951 3180 disputatum
971 3110 1023 3161 est
1068 3103 1188 3179 Reliquae

81 3197 84 3208 ’
234 3201 300 3250 sunt
313 3193 380 3250 duae
393 3202 490 3269 partes
505 3194 670 3260 honestatis,
685 3212 806 3270 quarum
819 3194 909 3252 altere
921 3193 950 3250 in
963 3192 1048 3250 animi
1058 3192 1187 3250 excellen-

233 3283 270 3340 tis
284 3281 478 3358 magnitudine
498 3289 528 3338 et
549 3283 713 3359 praestantia
732 3282 862 3348 cernitur,
883 3282 973 3338 altera
992 3281 1021 3338 in
1040 3281 1186 3340 eonlorme·

234 3373 310 3432 tione
323 3379 353 3430 et
366 3371 558 3428 moderatione
573 3371 751 3432 eontinentiae
760 3378 791 3428 et
803 3370 1005 3448 temperantiae.

275 3550 385 3608 XXVI.
406 3549 485 3608 Utile
499 3549 649 3606 videbatur
663 3548 770 3604 Ulixi
791 3547 837 3624 (ut
850 3547 967 3622 quidem
987 3554 1082 3626 poeta
1098 3546 1186 3624 tragini

235 3638 436 3714 prodiderunt:
457 3656 523 3696 nam
537 3636 615 3714 apud
629 3635 796 3702 Homerum,
810 3635 951 3712 optimum
963 3642 1119 3704 enetorem,
1132 3635 1185 3694 telis
