2648 4288
383 385 469 424 mana
483 385 502 424 1.
544 385 610 424 oar.
626 387 709 425 mu.
1022 373 1059 428 26

89 513 145 580 beri,
168 511 316 591 propinqui,
340 513 506 570 familiares:
537 515 588 572 sed
610 533 707 572 omnes
729 514 853 571 omnium
877 515 1008 572 caritates

89 604 148 659 atria
166 621 215 658 una
236 602 384 679 complexa
404 611 465 660 est:
487 623 539 679 pro
553 623 610 680 qua
623 605 685 681 quis
700 605 792 661 bonus
806 604 918 661 dubitet
932 622 1006 660 mor·

89 711 116 748 m
136 699 267 769 oppetere,
289 692 311 748 si
330 693 356 748 ei
374 693 409 748 sit
431 693 621 770 profuturus?
663 694 727 761 Quo
749 705 793 750 est
814 693 1007 750 detestabilior
1023 699 1058 750 13

89 789 169 838 torum
186 781 347 847 immanitas,
362 782 410 857 qui
431 781 590 839 lacerarunt
608 782 684 839 omni
705 783 810 840 scelere
833 782 962 859 patriam,
977 789 1006 838 et

101 889 131 926 ea
142 867 259 926 funditus
274 869 395 926 delenda
409 871 540 948 occupati
560 879 590 928 et
611 879 677 928 sunt
696 879 725 928 et
745 873 867 928 fuerunt.
910 872 968 928 Sed
983 873 1006 928 si
1022 877 1058 928 14

89 960 189 1016 ›ntentio
201 959 331 1036 quaedam
351 966 380 1016 et
400 961 574 1037 comparatio
596 961 654 1028 fiat,
669 962 771 1036 quibus
791 961 943 1037 plurimum
957 961 1005 1017 tri-

89 1049 193 1105 rendum
206 1049 239 1104 sit
252 1047 342 1114 officii,
359 1046 498 1125 principes
513 1049 568 1106 sint
582 1051 674 1126 patria
687 1058 716 1107 et
730 1059 869 1126 parentes,
885 1068 1005 1125 quorum

89 1138 187 1194 ucficiis
205 1137 332 1193 maximis
352 1138 469 1214 obligati
487 1157 602 1195 sumus:
635 1139 754 1215 proximi
778 1138 866 1204 liberi,
889 1147 1005 1214 totaque

89 1247 160 1293 mus,
174 1245 236 1302 quaa
259 1231 370 1301 spectat
389 1226 416 1282 in
437 1245 488 1281 nos
513 1227 596 1293 soloe,
610 1247 702 1303 neque
716 1227 792 1283 aliud
806 1228 896 1285 ullum
910 1233 1006 1303 potest

89 1318 154 1372 ,bere
177 1315 353 1391 perfugium:
375 1314 509 1391 deinceps
533 1316 605 1372 bene
627 1317 823 1372 couvenientes
847 1315 1003 1392 propinqui,

89 1405 215 1462 ibuscum
227 1403 383 1460 communis
398 1404 482 1459 etiam
505 1404 619 1460 fortuna
640 1405 805 1481 plerumque
819 1412 871 1461 est.
913 1405 1005 1473 Quam
1022 1410 1056 1464 15
1118 1409 1125 1422 '

109 1512 166 1550 rem
185 1491 339 1550 necessaria
360 1491 494 1568 praesidia
508 1493 573 1549 vitae
587 1493 728 1550 debentur
740 1495 772 1550 iis
790 1494 919 1561 maxime,
934 1512 1005 1570 quos

89 1591 114 1640 te
134 1582 207 1640 dixi:
227 1582 286 1638 vita
305 1588 401 1638 autem
415 1582 562 1659 victusque
585 1583 748 1650 communis,
764 1584 885 1649 consilia,
900 1603 1004 1641 sermo·

89 1692 105 1738 s,
121 1670 333 1736 cohortationes
349 1671 562 1737 consolationes,
577 1672 718 1729 interdum
732 1673 817 1730 etiarn
831 1674 1005 1751 objurgatio·

89 1762 137 1818 sin
150 1760 274 1817 amicitiis
289 1759 385 1836 vigent
398 1761 534 1818 maxime:
557 1769 657 1838 estque
671 1781 704 1819 ea
715 1763 921 1841 jucundissima
935 1764 1003 1820 ami-

89 1852 118 1918 ia‚
133 1869 217 1927 quam
231 1849 383 1906 similitudo
396 1869 508 1908 morum
522 1852 693 1930 conjugavit.

89 2029 194 2087 XVIII.
217 2027 275 2086 Sed
285 2027 505 2086 inhisomnibus
513 2029 609 2086 officiis
617 2030 772 2088 tribuendis
781 2031 934 2088 videndum
943 2032 1004 2099 erit,

89 2120 110 2177 d
133 2120 233 2196 cuique
255 2117 377 2175 maxime
400 2137 514 2176 necesse
538 2119 583 2186 sit,
603 2127 632 2176 et
652 2120 719 2196 quid
742 2120 860 2196 quisque
880 2121 925 2177 vel
946 2122 1005 2178 sine

89 2210 122 2266 ris
146 2216 197 2266 aut
221 2206 311 2284 possit
333 2208 473 2284 consequi,
488 2215 539 2264 aut
561 2226 619 2266 non
639 2209 736 2285 possit.
779 2209 825 2264 Ita
844 2228 901 2265 non
920 2210 1037 2268 iidem2

89 2306 124 2355 nt
138 2295 377 2356 necessitudinum
391 2297 507 2374 gradus,
519 2298 568 2374 qui
580 2305 757 2374 temporum;
772 2305 893 2374 suntque
906 2299 1005 2368 officia,

89 2409 104 2446 e
131 2388 193 2444 aliis
217 2386 317 2463 magis,
341 2405 427 2463 quam
450 2387 509 2443 aliis
534 2387 709 2443 debeantur:
731 2394 764 2443 ut
784 2387 905 2444 vicinum
925 2387 1006 2446 citius

89 2477 185 2534 ureris
209 2475 239 2533 in
259 2477 399 2534 fructibus
421 2475 616 2554 percipiendis,
631 2493 717 2552 quam
737 2483 788 2532 aut
809 2476 934 2545 fratrem,
956 2484 1007 2535 aut

89 2568 217 2633 riliarem,
240 2572 278 2634 at,
303 2567 326 2623 si
349 2567 383 2624 lis
406 2567 435 2624 in
455 2565 561 2643 judicio
583 2565 627 2632 sit,
650 2566 840 2643 propinquum
862 2567 956 2643 potius
977 2573 1008 2624 et

89 2658 171 2724 icum,
187 2675 276 2733 quam
290 2655 411 2714 vicinum
424 2655 591 2712 defenderis

89 2747 153 2804 Iaec
176 2745 267 2823 igitur
286 2752 316 2805 et
335 2745 402 2803 talia
422 2743 674 2823 circumspicienda
687 2751 754 2802 suut
773 2745 802 2802 iu
815 2745 891 2804 omni
904 2745 1005 2815 officio,
1020 2753 1038 2804 3

89 2835 264 2893 :onsuetudo
278 2834 496 2912 exercitatioque
510 2835 656 2912 capienda,
668 2843 702 2893 ut
715 2835 781 2893 boni
794 2835 1007 2894 ratiocinatores

89 2926 196 2983 :iorum
219 2945 282 2984 esse
303 2927 450 3004 possimus,
466 2932 496 2984 et
509 2925 640 2983 addendo
662 2925 888 3004 deducendoque
902 2927 1006 2994 videre,

89 3035 100 3072 e
124 3016 230 3092 reliqui
250 3035 361 3073 summa
374 3017 441 3074 fiat:
463 3034 498 3072 cx
512 3035 577 3091 quo,
593 3022 731 3092 quantum
744 3015 845 3090 cuique
859 3015 1005 3084 debeatur,

89 3106 192 3182 illigas.
238 3105 297 3162 Sed
311 3113 344 3162 ut
357 3124 409 3162 nec
428 3104 530 3161 medici
542 3123 594 3160 nec
607 3103 792 3180 imperatores
805 3122 857 3160 nec
872 3113 1007 3173 oratores,
1021 3108 1040 3162 4

89 3195 166 3252 mvis
181 3193 255 3251 artis
275 3201 421 3272 praecepta
442 3193 626 3271 perceperint,
642 3193 792 3270 quicquam
806 3213 909 3272 magna
922 3194 1007 3253 laude

89 3304 159 3341 num
175 3283 241 3342 sine
256 3303 310 3342 usu
323 3291 353 3341 et
367 3282 564 3340 exercitatione
575 3281 708 3359 consequi
723 3289 856 3360 possunt:
872 3283 910 3342 sio
925 3283 1007 3342 officii

89 3373 228 3430 servandi
244 3380 388 3450 praecepta
401 3373 554 3430 traduntur
567 3371 614 3429 illa
628 3372 749 3448 quidem,
761 3381 794 3430 ut
803 3373 921 3430 facimus
936 3374 1006 3449 ipsi:

94 3463 138 3520 rei
153 3463 330 3540 magnitudo
341 3482 424 3520 usum
434 3481 548 3539 quoque
562 3461 844 3538 exercitationemque
856 3461 1005 3519 desiderat.

89 3570 132 3627 ¹ue
159 3552 201 3609 ab
228 3550 262 3608 iis
284 3553 379 3618 rebus,
394 3570 458 3629 quae
478 3560 545 3610 sunt
568 3552 596 3608 in
615 3552 680 3628 jure
700 3552 842 3608 societatis
861 3551 1039 3616 humanae‚5

89 3639 287 3697 madmodum
297 3640 417 3699 ducatur
429 3641 589 3707 honestum,
600 3660 635 3697 ex
646 3660 702 3717 quo
712 3647 812 3718 aptum
822 3645 866 3695 est
876 3637 1006 3706 officium,

89 3729 179 3788 isere
194 3729 329 3788 diximus

521 3825 538 3874 8
