2648 4288
159 293 180 352 ο
574 306 613 345 nn
635 305 764 346 omens

212 433 242 492 id
255 433 324 492 mihi
337 453 459 503 msumo,
473 432 573 492 videor
585 433 615 492 id
629 453 693 492 meo
711 434 776 511 jure
789 431 916 509 quodam
929 431 1016 490 modo
1028 429 1201 490 vindicare.

180 524 308 592 tQuam
328 525 366 581 ob
387 543 447 581 rem
466 542 640 601 magnopere
660 531 690 580 tc
709 523 817 590 hortor,
832 521 871 578 mi
889 521 997 587 Oicero,
1012 529 1045 578 ut
1065 539 1124 577 non
1143 539 1198 576 so·
1301 541 1302 556 ι

214 611 274 670 lum
297 612 437 670 orationes
464 631 552 680 meas,
573 612 624 669 sed
649 612 702 669 hos
722 611 807 668 etiam
829 610 866 668 de
886 611 1066 688 philosophia
1085 610 1200 676 libros,

213 701 262 776 qui
282 701 392 778 sejam
412 701 465 758 illis
485 702 546 758 fere
574 707 735 776 aequaruut,
757 700 884 758 studiose
904 700 992 777 legas.
1034 699 1087 756 Vis
1106 697 1199 755 enim

214 789 329 850 dicendi
348 790 440 868 major
460 796 505 848 est
533 790 563 846 in
582 789 645 855 illis,
666 789 718 846 sed
746 789 802 846 hoc
822 806 935 866 quoque
966 787 1117 846 colendum
1142 792 1201 844 est

215 880 356 956 aequsbile
369 887 399 937 et
412 886 604 956 temperatum
617 877 750 936 orationis
763 897 863 955 genus.

181 976 200 1030 e
253 971 291 1026 Et
311 969 341 1026 id
361 967 476 1044 quidem
495 967 599 1025 nemini
619 967 701 1024 video
720 967 888 1024 Graecorum
908 965 1003 1024 adhuc
1022 965 1196 1044 contigisse,

212 1065 247 1116 ut
259 1057 336 1115 idem
348 1065 470 1133 utroque
483 1056 511 1114 in
524 1075 627 1134 genere
646 1057 813 1123 elaboraret,
828 1063 1049 1132 sequereturque
1063 1063 1092 1112 et
1112 1054 1196 1112 illud

214 1148 325 1205 forense
345 1145 466 1212 dicendi,
481 1154 510 1202 et
523 1146 578 1202 hoc
592 1145 720 1221 quietum
733 1145 899 1221 disputandi
916 1163 1023 1222 genus:
1044 1145 1096 1201 nisi
1108 1144 1195 1200 forte

214 1233 378 1294 Demetrius
387 1234 544 1293 Phalereus
558 1234 586 1292 in
599 1235 654 1292 hoc
668 1253 786 1292 numero
795 1233 895 1292 haberi
903 1241 1007 1310 potest,
1022 1233 1195 1311 disputator

214 1325 333 1391 subtilis,
358 1332 453 1382 orator
476 1342 578 1400 parum
600 1325 762 1389 vehemens,
787 1322 879 1381 dulcis
904 1330 1007 1389 tamen,
1035 1331 1069 1380 ut
1092 1323 1191 1380 Theo-

114 1443 118 1450 ·
183 1412 325 1492 'Iphrasti
344 1413 513 1490 discipulum
533 1413 624 1489 possis
644 1431 806 1490 agnoscere.
847 1412 910 1470 Nos
927 1419 1024 1469 autem
1044 1418 1192 1489 quantum

215 1502 245 1559 in
263 1509 384 1577 utroque
405 1501 615 1578 profecerimus,
643 1501 761 1586 eliorum
786 1501 822 1557 sit
843 1501 996 1578 judicium:
1030 1509 1190 1577 utrumque

184 1598 202 1651 8
217 1598 293 1649 certe
303 1589 394 1646 secuti
406 1607 514 1645 sumus.
548 1589 687 1664 Equidem
702 1589 732 1647 et
744 1589 895 1648 Platonem
908 1591 1044 1656 existimo,
1056 1591 1080 1647 si
1093 1609 1191 1668 genus

215 1679 326 1737 forense
341 1677 452 1735 dicendi
465 1684 587 1734 uastare
600 1678 744 1745 voluisset,
764 1679 929 1756 gravissime
943 1687 973 1738 et
993 1679 1189 1757 copiosissime

216 1768 343 1846 potuisse
357 1766 468 1833 dicere;
493 1773 522 1824 et
536 1767 768 1834 Demosthenem,
783 1768 806 1824 si
819 1767 875 1835 illu,
889 1787 955 1845 quoe
970 1787 988 1824 a
1007 1769 1130 1826 Platone
1143 1768 1189 1826 di·

216 1857 332 1924 dicerat,
346 1855 483 1913 tenuisset
503 1862 533 1912 et
552 1857 735 1932 pronuntiare
750 1857 892 1924 voluisset,
908 1866 1006 1915 ornate
1023 1857 1189 1934 splendide-

215 1965 272 2024 que
285 1946 378 2002 fecere
397 1945 531 2021 potuisse.
572 1945 738 2022 Eodemque
751 1945 838 2003 modo
851 1947 888 2003 dc
901 1945 1059 2006 Aristotele
1073 1952 1103 2004 et
1122 1946 1187 2004 Iso-

92 2105 97 2112 ·
217 2043 294 2094 crate
310 2033 426 2112 judico:
456 2052 579 2110 quorum
600 2042 722 2111 uterque
745 2054 798 2093 suo
819 2036 914 2093 studio
934 2035 1092 2094 delectatus
1119 2053 1189 2093 cou-

216 2124 333 2202 tempsit
346 2123 476 2182 alterum.

257 2304 298 2362 H.
339 2301 398 2362 Sed
419 2323 484 2362 cum
497 2301 660 2361 statuissem
674 2301 796 2361 scribere
810 2302 847 2361 ed
867 2310 897 2362 te
911 2303 1018 2381 aliquid
1037 2304 1093 2362 hoc
1113 2309 1186 2361 tem-
1298 2289 1299 2298 ἵ

219 2411 296 2470 pore,
306 2393 397 2450 multa
408 2394 537 2469 posthac,
549 2394 585 2450 ab
599 2411 633 2450 eo
644 2392 729 2450 ordiri
742 2393 864 2450 maxime
874 2394 959 2460 volui,
969 2393 1047 2470 quod
1061 2399 1091 2450 et
1104 2393 1187 2450 aetati

186 2488 277 2540 ttuoe
297 2489 373 2540 esset
386 2482 571 2559 aptissimum,
583 2488 612 2538 et
626 2483 786 2539 auctoritati
800 2502 883 2541 meac.
925 2483 1080 2540 Nemeum
1095 2481 1187 2540 multa
1301 2489 1302 2546 ἶ

219 2571 315 2628 sintin
330 2571 511 2646 philosophia
531 2578 560 2626 et
574 2570 672 2648 gravia
691 2577 721 2626 et
741 2571 820 2628 utilia
833 2578 965 2629 accurate
986 2572 1187 2648 copiosequee
1301 2565 1302 2590 ¹

219 2659 394 2736 philosophis
408 2659 570 2735 disputata:
592 2658 726 2715 latissime
747 2666 845 2736 patere
860 2661 993 2718 videntur
1012 2680 1054 2729 eu,
1069 2679 1134 2738 quae
1149 2660 1185 2718 de
1296 2642 1299 2721 l

185 2747 316 2806 ltoffioiis
335 2746 441 2803 tradita
454 2748 492 2803 eb
512 2746 566 2804 illis
584 2753 614 2804 et
634 2755 783 2824 praecepte
802 2757 877 2815 sunt.
919 2751 1007 2808 Nulla
1027 2751 1101 2807 enim
1117 2749 1184 2808 vitae

219 2855 285 2914 pers
305 2853 397 2912 neque
411 2835 539 2912 publicis,
554 2855 646 2913 neque
666 2836 791 2914 privatis,
806 2857 898 2916 neque
911 2840 1078 2906 forensibus,
1094 2857 1185 2915 neque
1297 2848 1299 2861 '

219 2925 380 2984 domesticis
394 2923 422 2981 iu
435 2926 536 2992 rebus3
556 2944 648 3002 neque
662 2926 686 2984 si
698 2933 793 2984 tecum
807 2947 878 3006 agas
891 2929 969 3005 quid,
980 2947 1072 3006 neque
1083 2928 1107 2985 si
1120 2945 1185 2985 cum

203 3014 308 3087 ¹altero
329 3014 487 3082 contrahas,
502 3033 602 3072 vacare
622 3015 714 3073 officio
727 3024 841 3094 potest:
865 3019 894 3075 in
908 3037 998 3094 eoque
1018 3025 1048 3074 et
1066 3018 1184 3075 colendo
1301 3011 1302 3030 ¹

219 3102 273 3160 sita
296 3102 363 3160 vitre
392 3111 437 3161 est
456 3104 589 3162 honestes
613 3105 712 3173 omnis,
737 3113 766 3163 et
790 3107 818 3164 in
837 3107 1008 3185 negligendo
1028 3106 1182 3184 turpitudo.

186 3195 205 3250 4
219 3192 318 3268 Atque
331 3193 396 3250 hoec
410 3192 526 3268 quidem
546 3195 668 3270 quaestio
683 3197 839 3253 communis
853 3203 897 3253 est
917 3197 1042 3253 omnium
1062 3196 1182 3273 philoso

220 3281 349 3358 phorum.
382 3281 452 3360 Quis
466 3289 510 3338 est
523 3283 664 3358 enim‚qui
677 3285 761 3340 nullis
776 3285 858 3342 officii
872 3285 1026 3361 praeceptis
1040 3285 1182 3344 tradendis
1296 3309 1302 3365 ¹r

187 3369 422 3447 tphilosophum
443 3389 473 3427 se
494 3371 599 3428 audeat
618 3371 733 3428 dicere?
775 3373 834 3429 Sed
855 3381 920 3429 sunt
940 3372 1083 3430 nonnullae
1103 3374 1182 3432 disci·
1301 3373 1302 3378 '

220 3445 314 3536 plihae,
328 3478 394 3535 quae
416 3460 567 3536 propositis
587 3460 725 3518 bonorum
745 3469 775 3517 et
794 3461 933 3518 malornm
946 3461 1048 3519 finibus
1062 3463 1182 3522 officium

188 3553 304 3606 bomne
318 3553 491 3624 pervertunt.
525 3548 602 3605 Nam
615 3548 664 3625 qui
678 3567 822 3608 summum
836 3551 994 3608 bonum‘sic
1008 3551 1136 3619 instituit,
1151 3559 1182 3610 ut
1297 3618 1298 3632 χ

219 3637 289 3696 nihil
307 3637 413 3697 hebeat
432 3657 498 3696 oum
511 3637 615 3696 virtute
629 3638 820 3717 conjunctum,
835 3639 921 3720 idque
941 3641 999 3700 suis
1019 3641 1180 3711 commodis,
1298 3625 1302 3665 l
