2750 4284
471 310 566 357 'amna
580 319 629 358 un·
664 319 730 360 cnr.
745 321 848 361 xxxin.
1117 312 1172 367 121

144 467 209 524 que
225 449 413 508 accusoribus
424 448 555 506 omuibus
568 448 725 529 ignominiis
739 445 861 514 notatos.
904 451 948 509 Sit
959 452 1020 529 jam
1033 452 1121 530 hujus
1137 460 1173 515 10

144 539 207 597 loci
221 540 291 597 finis.
324 537 511 615 Perspicuum
532 546 575 594 est
589 539 671 606 enim,
687 558 729 606 ea,
745 560 810 617 quse
832 541 931 598 timido
951 542 1053 608 animo,
1069 543 1122 600 hu-

143 630 221 696 mili,
237 628 367 695 demiss0,
382 630 530 704 fractoque
544 629 612 684 fiant
627 627 725 705 (quale
738 630 839 686 luisset
852 631 956 709 Reguli
969 631 1086 699 lactum,
1098 632 1122 690 si

145 726 203 776 aut
219 720 255 777 de
269 719 396 796 captivis,
411 718 489 795 quod
509 718 563 794 ipsi
576 737 650 794 opus
670 737 732 776 esse
746 719 899 788 rideretur,
913 740 970 778 non
990 722 1068 798 quod
1082 721 1123 780 rei

146 809 287 886 publicae,
304 808 467 874 censuisset,
482 814 533 864 aut
553 807 631 866 domi
652 827 798 866 remanere
812 808 959 890 voluisset)
974 829 1030 868 non
1058 829 1121 870 esse

147 899 242 967 utilia,
257 899 323 976 quia
336 898 393 956 sint
405 897 553 976 flagitiosa,
566 897 656 965 sceda,
671 899 776 975 turpia.

189 1079 330 1136 XXXIII.
341 1079 443 1136 Restat
453 1083 555 1154 quarta
566 1095 641 1154 pars,
652 1095 718 1154 quae
728 1077 839 1145 decore,
848 1079 1050 1148 moderatione,
1059 1099 1120 1138 mo·

148 1166 252 1235 (lesbia,
263 1168 442 1233 continentia,
452 1166 642 1243 temperantIa
650 1166 817 1225 continetur.
840 1169 941 1224 Potest
949 1169 1036 1244 igitur
1043 1171 1120 1246 quic·
1135 1175 1153 1228 2

148 1275 240 1333 quam
253 1275 316 1315 esse
329 1256 407 1324 utile,
421 1255 499 1332 qnod
513 1255 551 1312 sit
564 1255 630 1314 huic
643 1255 743 1313 talium
758 1256 895 1313 virtutum
910 1258 996 1314 choro
1011 1266 1121 1316 coutra-

148 1347 249 1403 rium?
283 1345 374 1422 Atqui
387 1347 424 1404 ab
438 1344 589 1420 Aristippo
603 1344 759 1420 Cyrenaici,
772 1352 858 1421 atque
872 1346 1016 1404 Annicerii
1030 1347 1120 1423 philo·
1135 1354 1154 1406 8

117 1426 160 1535 s
150 1435 237 1512 sophi
258 1435 402 1501 nominati,
418 1435 621 1492 omnebonum
640 1433 669 1491 in
683 1434 830 1510 voluptate
853 1443 1018 1511 posuerunt,
1033 1437 1121 1494 virtu·

116 1538 123 1623 q
149 1531 268 1602 temque
290 1532 461 1582 censuerunt
482 1525 519 1582 ob
539 1541 603 1581 eam
623 1542 683 1582 rem
697 1542 760 1581 esse
773 1524 956 1592 laudandam,
970 1525 1048 1602 quod
1062 1526 1121 1583 effi·

114 1614 228 1695 txciens
242 1625 318 1672 esset
331 1614 494 1691 voluptatis,
509 1614 613 1691 quibus
627 1613 762 1672 obsoletis
781 1613 865 1688 floret
878 1615 1029 1692 Epicurus,
1044 1617 1120 1693 ejus-

122 1704 218 1766 mdem
231 1705 291 1762 fere
305 1705 421 1784 adjutor
437 1711 593 1781 auctorque
608 1704 764 1762 sententiae.
800 1704 875 1762 Cum
889 1704 933 1762 his
947 1703 1015 1762 viris
1026 1704 1118 1782 equis-
1133 1709 1153 1762 4

150 1813 215 1871 que,
229 1801 264 1852 ut
277 1794 389 1862 dicitur,
404 1794 427 1851 ai
440 1794 621 1852 honestatem
639 1793 713 1851 tueri
726 1812 759 1850 ac
774 1793 894 1851 retinere
914 1793 1053 1852 sententia
1066 1800 1118 1861 est,

150 1884 354 1942 decertandum
369 1890 421 1941 est.
463 1883 539 1940 Nam
553 1883 576 1940 si
590 1902 647 1940 non
659 1882 747 1940 modo
759 1883 875 1950 utilitas,
890 1883 942 1940 sed
955 1883 1013 1940 vita
1027 1883 1118 1942 omnis
1133 1892 1151 1942 5

150 1973 243 2040 beata,
259 1973 382 2051 corporis
402 1972 483 2029 firma
500 1970 698 2030 constitutione
713 1972 832 2048 ejusque
846 1973 1052 2031 constitutionis
1066 1991 1118 2050 spe

152 2061 309 2140 explorata,
328 2069 363 2120 ut
382 2081 399 2118 a
419 2061 584 2119 Metrodoro
603 2061 741 2138 scriptum
761 2068 814 2127 est,
837 2061 1013 2118 continetur:
1041 2070 1119 2119 certe

151 2152 214 2210 haec
227 2153 344 2219 utilitas,
358 2158 388 2209 et
402 2150 517 2226 quidem
531 2169 652 2216 summa,
668 2148 719 2227 (sic
738 2151 812 2206 enim
833 2149 971 2229 censent)
988 2170 1054 2208 cum
1066 2152 1117 2208 bo·

152 2248 263 2298 aestate
273 2240 423 2318 pugnabit.
448 2240 525 2296 Nam
535 2239 584 2298 ubi
594 2240 717 2316 pn'mum
728 2239 974 2316 prudentiaelocus
984 2239 1118 2298 dabitur?
1133 2247 1151 2298 6

154 2331 209 2397 An,
224 2337 257 2388 ut
270 2330 417 2406 conquIrat
430 2328 555 2405 undique
575 2328 752 2386 suavitates?
794 2329 888 2396 Quam
908 2329 992 2386 miser
1006 2329 1118 2386 rinutis
1133 2329 1150 2388 ‘1

155 2419 316 2486 famulatus,
329 2418 474 2476 servientis
485 2417 640 2494 voluptati!
671 2417 756 2486 Quod
766 2425 862 2476 autem
875 2437 980 2476 munus
994 2418 1117 2494 pruden-

155 2509 220 2567 tias?
250 2509 300 2566 An
314 2510 408 2587 legere
422 2507 610 2584 intelligenter
620 2507 804 2584 voluptates?
835 2507 894 2564 Fac
909 2507 977 2565 nihil
991 2508 1045 2566 isto
1055 2526 1118 2566 esse

151 2599 321 2678 jucundius:
343 2597 412 2674 quid
425 2597 543 2676 cogitari
556 2603 652 2674 potest
666 2597 801 2674 turpius?
840 2596 859 2656 J
860 2615 916 2664 am,
928 2596 977 2672 qui
990 2596 1117 2656 dolorem
1131 2603 1150 2655 8

155 2707 295 2747 summum
314 2687 422 2746 malum
436 2686 521 2754 dicat,
536 2686 615 2763 apud
629 2705 695 2744 eum
708 2705 794 2762 quem
813 2686 902 2744 babet
922 2685 1018 2745 locum
1038 2685 1117 2744 forti·

154 2779 229 2846 tudo,
244 2797 309 2854 quae
327 2782 371 2835 est
385 2776 515 2834 dolorum
535 2777 722 2853 laborumque
742 2775 940 2852 contemptio?
980 2775 1148 2845 Quamvis?

154 2868 225 2926 enim
237 2867 334 2925 multis
347 2865 416 2924 locis
430 2866 507 2923 dicat
520 2866 668 2943 Epicurus,
683 2865 766 2923 sicuti
779 2864 856 2932 dicit,
871 2865 940 2922 satis
953 2865 1064 2923 fortiter
1078 2866 1115 2923 de

155 2957 265 3014 dolore:
286 2962 382 3014 tamen
399 2974 456 3012 non
475 2955 505 3013 id
525 2955 712 3032 spectandum
731 2961 784 3022 est,
798 2954 867 3032 quid
882 2953 966 3022 dicat,
981 2954 1032 3012 sed
1046 2954 1115 3030 quid

156 3051 370 3104 consentaneum
384 3045 421 3102 sit
435 3045 460 3102 ei
474 3045 575 3112 dicere,
590 3045 639 3121 qui
659 3046 733 3102 bona
747 3045 895 3121 voluptate
914 3043 1114 3113 terminaverit,

156 3135 226 3192 mala
240 3134 356 3193 dolore:
377 3142 419 3200 ut,
435 3135 458 3190 ri
478 3134 558 3191 illurn
578 3133 695 3195 audiam
711 3133 747 3191 de
766 3133 936 3192 continentia
955 3140 985 3191 et
1005 3140 1114 3211 tempe·

156 3223 249 3291 rantia
264 3223 332 3282 dicit
346 3223 393 3281 ille
406 3223 522 3300 quidem
537 3223 628 3282 multa
641 3223 739 3282 multis
753 3223 821 3281 locis
833 3243 840 3290 ;
861 3222 913 3281 sed
927 3241 1002 3300 aqua
1012 3223 1113 3292 haeret,

157 3319 186 3371 nt
195 3313 280 3370 aiunt.
315 3313 391 3370 Nam
401 3313 450 3389 qui
464 3319 559 3390 potest
569 3313 785 3390 temperantiam
795 3313 912 3371 laudare
922 3313 954 3382 is,
966 3314 1016 3390 qui
1025 3320 1114 3391 ponat
1129 3317 1167 3370 10

158 3419 293 3460 summum
303 3402 409 3460 bonnm
422 3402 450 3458 in
460 3403 631 3479 voluptate?
669 3403 722 3460 mc
735 3403 808 3460 enim
822 3403 1010 3480 temperantia
1023 3402 1113 3460 libidi-

157 3509 219 3550 num
227 3491 346 3558 inimica‚
357 3491 485 3551 libidines
496 3499 592 3549 autem
602 3492 818 3550 consectatrices
828 3491 992 3569 voluptatis.
1013 3491 1112 3565 Atque
1128 3492 1164 3547 11

157 3579 242 3640 inhis
260 3587 356 3638 temen
375 3581 466 3638 tribus
486 3581 646 3659 generibus,
666 3600 781 3658 quoquo
801 3580 888 3638 modo
908 3584 1037 3656 possunt,
1057 3595 1114 3635 non

158 3669 278 3730 innafflde
292 3669 521 3748 tergiversantur.
561 3669 748 3728 Prudentiam
760 3669 953 3736 introducunt,
968 3665 1113 3726 scientiam
1129 3671 1165 3730 1?

639 3765 674 3818 11
