2750 4284
478 799 635 872 LIBER
661 796 893 874 TERTIUS.

535 991 853 1010 -n—-n——u-

255 947 262 978 Ι

275 1143 299 1202 1.
320 1143 457 1202 Pusuuu
472 1142 647 1210 Sermousa,
663 1144 758 1200 Marce
778 1142 825 1209 fili,
840 1159 915 1207 eum,
929 1140 978 1216 qui
998 1139 1105 1216 primus
1119 1138 1200 1197 Afri-

236 1251 323 1291 canus
334 1231 553 1309 appelletusest,
562 1232 655 1290 dicere
668 1232 782 1289 solitum
792 1230 904 1306 scripsit
916 1230 997 1296 Cato,
1009 1229 1058 1305 qui
1070 1229 1125 1286 fuit
1137 1229 1200 1286 iere

235 1323 298 1400 ejus
312 1321 436 1398 equam,
444 1322 604 1396 Nunquam
617 1341 643 1379 aa
651 1322 744 1378 minuc
753 1321 871 1376 ottonom
878 1337 938 1386 aar,
948 1337 1034 1392 qaam
1047 1333 1112 1372 cam
1129 1317 1199 1374 otio·

203 1417 221 1468 2
237 1413 551 1478 comminatorum,
562 1428 648 1486 quum
656 1411 879 1468 cumaolurarset.
908 1407 1200 1485 Magnificaverorox

235 1507 265 1557 et
275 1517 379 1576 magno
389 1499 448 1555 viro
459 1517 491 1556 ao
501 1500 626 1575 sapiente
638 1500 738 1578 digna:
754 1517 818 1575 quoe
828 1497 962 1564 declarat,
973 1497 1051 1554 illum
1063 1503 1092 1553 et
1101 1496 1130 1552 in
1139 1495 1199 1553 otio

236 1587 271 1644 de
285 1587 404 1664 negotiis
418 1587 543 1662 cogitare
557 1589 627 1644 etin
641 1587 790 1646 solitudine
805 1605 901 1644 secum
922 1586 998 1662 loqui
1012 1585 1143 1652 solitum·;
1163 1591 1198 1643 ut

235 1693 326 1751 neque
341 1683 465 1731 cessaret
478 1695 611 1752 unquam,
627 1685 656 1734 et
679 1677 822 1734 interdum
843 1675 983 1750 colloquio
1004 1674 1118 1732 alterius
1138 1691 1198 1731 non

236 1769 341 1841 e.geret
384 1764 485 1838 Itaque
499 1765 565 1821 duae
578 1785 632 1832 res,
647 1785 712 1842 quse
725 1766 891 1842 languorem
905 1764 1027 1822 afferunt
1040 1763 1149 1830 ceteris,
1164 1763 1197 1820 il·

203 1859 232 1912 8
230 1853 295 1910 lum
309 1854 457 1918 acuebant,
469 1853 558 1910 otium
572 1862 601 1911 et
615 1855 745 1912 solitudo.
781 1854 891 1911 Vellem
907 1853 987 1910 nobis
1002 1852 1056 1910 hoo
1069 1851 1145 1910 idem
1155 1851 1197 1910 di·

237 1960 300 1999 cere
314 1941 427 1999 liceret:
449 1942 535 1999 sed'
515 1962 538 1999 si
551 1944 643 2000 minus
656 1944 810 2000 imitatione
824 1950 933 2000 tantam
945 1941 1048 2043 ipgenii
1062 1949 1196 2018 praestan·

236 2031 305 2088 tiam
320 2032 453 2108 consequi
468 2051 625 2109 possumus,
636 2033 780 2090 voluntate
795 2039 871 2090 certe
885 2032 1012 2109 proxime
1026 2030 1196 2090 accedimus.

202 2125 222 2178 4
237 2121 312 2178 Nam
333 2129 362 2178 et
382 2140 399 2176 a
420 2140 450 2178 re
471 2122 584 2198 publica
596 2122 809 2197 forensibusque
822 2121 942 2198 negotiis
955 2120 1038 2176 mmis
1052 2119 1144 2196 impiis
1157 2117 1197 2176 vi-

236 2229 292 2288 que
312 2211 453 2287 prohibiti,
468 2211 557 2268 otium
578 2211 787 2288 persequimur:
810 2217 839 2268 et
853 2211 890 2267 ob
904 2227 968 2268 eam
988 2227 1112 2275 caumm,
1126 2209 1197 2266 urbe

204 2301 342 2367 breliota,
364 2318 430 2356 rura
453 2309 645 2377 peragrantes
670 2318 747 2376 saepe
768 2299 820 2356 soli
843 2318 950 2356 sumus.
991 2297 1050 2356 Sed
1070 2316 1122 2356 neo
1142 2297 1196 2355 hoc

235 2389 324 2446 otium
338 2408 403 2446 oum
417 2389 544 2446 Africani
558 2389 623 2456 otio,
638 2407 689 2446 nec
710 2390 772 2446 haec
792 2388 916 2446 solitudo
936 2407 1002 2444 cum
1021 2387 1070 2444 illa
1082 2405 1195 2463 compa·

203 2483 221 2536 6
236 2478 324 2535 rande
338 2485 389 2535 est.
431 2478 484 2534 Illo
498 2479 571 2536 enim
585 2479 762 2554 requiescens
776 2496 794 2534 a
807 2477 847 2534 rei
861 2477 983 2553 publioae
1003 2476 1196 2554 pulcherrimis

236 2568 400 2626 muneribus
420 2567 508 2624 otium
529 2568 581 2624 sibi
602 2568 732 2624 sumebat
746 2567 906 2642 aliquando,
921 2574 953 2648 et
972 2584 989 2622 a
1010 2572 1088 2622 coetu
1107 2565 1194 2622 homi·

236 2675 303 2712 num
322 2655 535 2730 frequentiaque
549 2656 700 2723 interdum,
715 2664 860 2732 tamquam
880 2655 909 2712 in
930 2661 1051 2731 portum,
1066 2654 1138 2711 sein
1151 2672 1193 2711 so·
1247 2709 1253 2720 ,

205 2743 221 2802 7
236 2743 380 2800 litudinem
395 2742 556 2818 recipiebat.
599 2745 737 2802 Nostrum
751 2753 846 2802 autem
867 2743 955 2802 otium
976 2744 1081 2820 negotii
1093 2743 1193 2819 inopia,

236 2851 292 2888 non
306 2831 498 2906 requiescendi
512 2832 614 2899 studio,
630 2834 813 2890 constitutum
828 2839 879 2890 est.
920 2833 1052 2890 Extincto
1066 2832 1139 2890 enim
1153 2849 1194 2888 se·

237 2927 307 2978 natu
328 2919 484 2996 deletisque
501 2921 622 2997 judiciis,
639 2921 773 2997 quidest,
789 2922 864 2999 quod
880 2922 998 2998 dignum
1012 2921 1092 2978 nobis
1105 2921 1194 2978 antio

204 3017 222 3068 8
237 3010 313 3068 curia
326 3010 418 3067 autin
431 3010 493 3067 foro
506 3028 591 3087 agere
606 3010 769 3087 possimus?
810 3012 864 3077 Ita,
879 3011 968 3087 quiin
982 3011 1104 3067 maxima
1124 3011 1193 3068 cele·

239 3099 342 3156 britete
356 3106 440 3175 atque
461 3100 490 3156 in
510 3100 597 3157 oculis
619 3099 720 3157 civium
734 3100 876 3176 quondam
891 3100 1050 3166 vixerimus,
1065 3117 1138 3156 nuno
1151 3099 1193 3156 fu·

236 3187 345 3264 gientes
369 3197 552 3263 conspectum
574 3190 783 3255 sceleratorum,
798 3189 900 3265 quibus
915 3189 1007 3246 omnia
1026 3188 1192 3255 redundant,

205 3282 222 3334 9
237 3274 367 3332 abdimus
381 3294 441 3341 nos,
456 3285 594 3352 quantum
613 3278 687 3344 licet,
706 3285 735 3334 et
755 3288 832 3354 sape
846 3278 898 3335 soli
912 3296 1016 3336 sumus.
1059 3277 1117 3334 Sed
1131 3278 1194 3354 quia

237 3365 276 3422 sio
290 3365 327 3422 ab
341 3365 501 3422 hominibus
515 3365 606 3424 doctis
621 3367 791 3442 accepimus,
808 3385 863 3424 non
877 3367 969 3424 solum
990 3385 1025 3424 ex
1045 3367 1127 3426 malis
1148 3369 1192 3425 eli·

236 3473 303 3532 gere
318 3454 432 3512 minima
445 3462 590 3530 oportere;
612 3453 661 3512 sed
683 3455 768 3512 etiam
788 3474 939 3533 excerpere
960 3473 996 3512 ex
1017 3455 1061 3512 his
1081 3455 1157 3532 ipsis,
1172 3456 1193 3514 si

236 3544 305 3622 quid
326 3544 431 3602 inesset
452 3543 533 3602 boni:
555 3549 707 3620 propterea
720 3552 750 3602 et
763 3539 820 3602 otio
833 3546 919 3610 fruor,
935 3563 990 3601 uon
1011 3544 1059 3602 illo
1072 3545 1192 3621 quidem,

236 3651 293 3709 quo
307 3633 431 3692 debebat
443 3633 475 3700 is,
490 3632 539 3709 qui
552 3631 695 3708 quondam
717 3634 873 3708 peperisset
893 3634 983 3690 otium
1002 3633 1124 3700 civitati3
1145 3651 1192 3694 neo
