2648 4288
563 353 691 394 11111111.
733 353 799 394 cnr.
815 354 857 392 111.
1176 341 1215 398 te

201 479 270 557 quid
284 487 426 557 sequatur.
468 482 540 550 Quae
553 482 625 540 enim
640 490 716 540 esset
733 484 787 539 ista
800 501 887 549 mens,
903 483 947 540 vel
961 501 1027 558 quae
1040 483 1098 540 vita
1111 503 1161 561 po·
1178 490 1213 542 la

202 569 267 637 tius,
279 589 334 626 non
345 570 430 632 modo
440 570 611 647 disputandi,
622 571 673 628 sed
684 573 768 629 etiam
780 572 891 629 vivendi
904 573 1011 629 ratione
1025 573 1161 630 sublata?

202 657 264 714 Nos
284 665 388 726 autem,
403 667 436 715 ut
456 660 541 717 ceteri
561 661 615 716 alic
636 667 722 727 certa,
737 661 791 717 alia
805 661 911 718 incerta
924 680 986 719 esse
1000 662 1106 728 dicunt,
1121 663 1160 720 sic
1177 669 1213 722 la

201 747 239 804 ab
247 748 291 804 his
301 748 505 816 dissentientes,
515 749 569 805 alia
580 750 745 825 probabilia,
758 759 855 808 contra
866 751 920 808 alia
930 751 1057 808 dicimus.
1086 751 1161 819 Qud
1177 756 1213 809 14
1231 803 1237 813 .

178 871 182 879 s
201 843 245 893 est
258 836 352 914 igitur,
359 824 440 913 ¹quod
455 855 501 894 me
514 837 704 914 impediebant
718 858 783 915 quae
797 840 952 916 probabilia
963 829 1034 897 'mihi
1048 839 1161 898 videan—

201 931 255 991 tur,
271 925 372 1002 sequi?
392 944 458 1002 quae
480 933 585 993 contra,
600 927 779 1004 improbare,
800 935 886 1004 atque
908 929 1064 986 affirmandi
1085 947 1161 988 arro·

199 1014 324 1090 gantiam
337 1014 482 1082 vitantem,
496 1015 596 1092 lugere
609 1017 807 1085 temeritatem,
822 1036 887 1094 quae
900 1037 917 1074 a
931 1018 1068 1094 sapientia
1081 1019 1159 1076 dissi-

200 1103 250 1160 det
271 1103 447 1180 plurimum?
489 1105 596 1161 Contra
615 1113 712 1162 autem
732 1107 825 1164 omnia
840 1107 1002 1184 disputatur
1019 1108 1160 1176 anostris,
1177 1114 1212 1168 15

199 1191 278 1268 quod
290 1193 345 1249 lroc
358 1193 452 1268 ipsum
465 1193 611 1268 probabile
624 1194 735 1252 elucere
748 1214 804 1252 non
818 1196 915 1272 possit,
926 1197 979 1254 nisi
992 1215 1027 1253 ex
1041 1203 1161 1272 utraque

200 1287 281 1357 parte
300 1300 447 1338 causarum
467 1289 542 1339 esset
562 1282 638 1340 facta
658 1285 806 1341 contentio.
848 1284 906 1342 Sed
928 1285 991 1342 baec
1012 1286 1162 1362 explanata
1176 1290 1213 1344 16

200 1370 308 1427 suntin
320 1369 500 1427 Academicis
514 1371 705 1438 101111110111,
720 1381 753 1430 ut
766 1373 895 1440 arbitror,
909 1373 1064 1452 diligenter.
1099 1375 1162 1433 Tibi
1177 1375 1219 1434 ll-

199 1465 304 1525 autem,
319 1459 359 1516 mi
372 1459 480 1525 Cicero,
496 1479 668 1537 quamquam
682 1461 710 1518 in
723 1462 917 1539 antiquissima
935 1463 1161 1541 nobilissimaque

200 1547 388 1626 philosophia,
414 1549 552 1626 Cratippo
579 1547 703 1617 auctore,
729 1552 856 1618 versaris,
882 1552 914 1608 iis
941 1551 1089 1620 simillimo,
1112 1553 1162 1630 qui

198 1637 253 1694 ista
267 1637 405 1713 praeelara
418 1644 607 1714 pepererunt;
622 1645 717 1696 tamen
730 1641 794 1698 haee
805 1647 910 1708 nostra,
922 1641 1038 1698 finitima
1051 1643 1161 1711 vestris,

198 1727 296 1806 ignota
309 1745 371 1784 esse
384 1727 469 1784 nolui.
511 1727 570 1785 Sed
581 1728 643 1806 jam
656 1729 694 1786 ad
707 1729 837 1787 instituta
850 1749 1011 1809 pergamus.
1068 1760 1070 1765 ·

238 1906 294 1962 III.
301 1905 440 1982 -Quinque
451 1905 537 1983 igitur
546 1906 700 1965 rationibus
711 1909 862 1985 propositis
872 1909 954 1966 officii
964 1909 1160 1987 persequendi,

198 1994 528 2070 quarumduaeaddecus
535 1996 770 2073 honestatemque
779 1997 958 2074 pertinerent,
966 1999 1032 2055 duae
1040 1999 1160 2056 adcom-

198 2084 284 2141 moda
297 2085 370 2152 vitae,
388 2084 492 2161 copias,
507 2103 585 2161 opes,
600 2085 761 2153 facultates,
775 2087 874 2163 quinta
887 2087 925 2143 ad
944 2087 1065 2164 eligendi
1083 2088 1159 2166 judi-

199 2173 281 2240 cium,
304 2174 327 2230 si
346 2174 460 2250 quando
480 2193 522 2240 00,
537 2193 603 2250 quse
620 2175 687 2242 dixi,
702 2187 832 2252 pugnare
850 2176 924 2232 inter
937 2194 968 2232 se
981 2176 1159 2234 viderentur:

198 2263 354 2321 honestatis
368 2281 434 2341 pars
445 2264 574 2320 confecta
584 2269 636 2330 011,
648 2283 734 2340 quam
745 2264 859 2341 quidem
873 2265 924 2322 tibi
938 2265 1022 2342 cupio
1036 2284 1098 2322 esse
1111 2284 1160 2322 no·

199 2352 343 2410 tissimam.
385 2353 449 2409 Hoc
469 2360 574 2418 autem,
590 2353 626 2410 de
641 2372 698 2428 quo
716 2371 790 2410 nunc
810 2354 929 2431 agimus,
944 2353 973 2410 id
994 2354 1087 2430 ipsum
1107 2359 1192 2421 cett

199 2441 275 2517 quod
298 2441 383 2498 utile
405 2441 573 2518 appellatur.
604 2441 1191 2519 ’1101101ορ10001110111101101101113

199 2530 236 2588 de
254 2531 307 2597 via,
326 2529 485 2607 sensimque
505 2549 539 2588 eo
560 2529 684 2588 deducta
705 2537 756 2598 est,
777 2539 810 2588 111
830 2532 1008 2590 honestatem
1028 2533 1065 2590 ab
1085 2533 1158 2590 111111-

199 2626 258 2676 1010
272 2639 419 2677 seoernens
434 2619 624 2686 constitueret,
637 2639 698 2678 esse
712 2621 863 2679 honestum
875 2621 989 2698 aliquid,
1001 2622 1077 2698 quod
1091 2622 1160 2680 utile

199 2716 351 2776 10101101,
366 2716 396 2766 et
416 2709 492 2776 utile,
508 2710 585 2786 quod
599 2729 656 2767 non
674 2711 840 2768 honestum:
862 2729 919 2788 qua
932 2711 1009 2768 nulla
1023 2711 1159 2787 pernicies

198 2800 290 2876 major
303 2799 448 2855 hominum
462 2799 528 2855 vitm
542 2799 635 2876 potuit
648 2801 747 2858 afferri.
783 2801 900 2858 Summa
911 2801 1025 2878 quidem
1038 2800 1158 2858 auctori-
1173 2806 1192 2858 4

200 2896 261 2946 tate
281 2888 453 2964 philosophi,
468 2907 564 2946 severe
585 2909 652 2946 1010
670 2898 757 2966 atque
771 2891 897 2957 honeste,
913 2891 975 2947 haeo
989 2891 1043 2946 tria
1055 2908 1160 2968 genera

200 2978 324 3044 confusa,
340 2978 509 3055 cogitatione
524 2979 708 3056 distinguunt.
750 2979 890 3055 Quicquid
904 2980 976 3036 enim
989 2979 1099 3056 justum
1113 2978 1157 3046 sit,
1172 2986 1191 3038 5

198 3067 228 3123 id
239 3066 323 3125 etiam
334 3068 401 3124 utile
412 3085 473 3124 esse
484 3076 613 3125 censent:
635 3069 757 3144 itemque
768 3068 844 3143 quod
855 3069 1013 3134 honestum,
1024 3067 1099 3125 idem
1111 3068 1157 3144 ju·

199 3163 283 3214 stum.
325 3157 370 3213 Ex
384 3175 441 3233 quo
454 3157 582 3222 efficitur,
597 3164 638 3223 111,
654 3156 785 3232 quioquid
806 3157 957 3214 honestum
976 3157 1020 3224 sit,
1035 3156 1109 3214 idem
1123 3157 1160 3214 sit

198 3246 275 3303 utile.
317 3246 401 3315 Quod
415 3246 463 3322 qui
481 3264 582 3322 parum
597 3246 777 3322 perspiciunt,
792 3245 822 3302 bi
836 3264 912 3322 saepe
926 3253 1054 3303 versutos
1068 3246 1157 3303 homi·
1172 3249 1190 3303 θ

198 3353 249 3392 101
272 3343 302 3392 01
324 3334 439 3392 callidos
463 3335 642 3402 admirantes
667 3335 803 3392 malitiam
830 3335 995 3412 sapientiam
1019 3335 1156 3412 judicant.

199 3425 326 3493 Quorum
341 3443 418 3482 error
432 3424 591 3500 eripiendus
606 3431 657 3490 est,
674 3425 824 3501 opinioque
844 3426 934 3482 omnis
948 3424 985 3481 ad
1000 3443 1062 3481 eam
1077 3441 1157 3499 spem
1173 3421 1189 3480 'l

198 3514 382 3582 traducenda,
397 3521 430 3570 ut
449 3514 573 3571 honestis
588 3515 708 3571 consiliis
726 3515 868 3592 justisque
881 3514 971 3580 factis,
987 3531 1043 3569 non
1057 3510 1158 3567 fraude

198 3611 228 3661 01
241 3603 355 3670 malitia,
370 3621 401 3660 se
414 3603 571 3680 intelligant
584 3621 626 3669 ea,
642 3622 707 3679 quae
720 3603 815 3668 velint,
831 3602 965 3678 consequi
978 3617 1070 3677 posse.

239 3693 312 3762 (11110
333 3711 403 3770 ergo
422 3692 460 3750 ad
479 3693 567 3750 vitam
590 3692 735 3750 hominum
759 3689 896 3749 tuendam
919 3689 1069 3766 pertinent,
1092 3693 1190 3764 par-8
