2720 4282
193 333 249 386 182
290 375 293 382 .
648 341 748 382 sores.

190 480 349 540 moturus
364 473 438 522 etiam
454 487 523 520 neam
538 470 610 520 illam
619 472 736 536 priorem.
768 469 927 520 Inuallem
942 484 1007 518 mers
1013 475 1116 534 perroto
1128 475 1220 536 parte,

190 565 239 610 eree,
250 551 294 616 qroi
305 549 433 598 succederet
444 549 513 613 operi
523 546 709 612 adproeseripta
719 545 872 605 lineorrsento,
884 547 996 594 inereretur
1006 551 1046 594 ea

223 701 267 750 Os
279 700 324 748 111.
357 700 405 748 See
417 698 573 762 Conspectus.

223 781 244 824 2.
260 775 327 822 Nam
346 775 394 821 siue
404 809 410 821 .
420 809 426 822 .
437 809 443 822 .
454 809 460 821 .
473 771 566 838 plaaet]
607 772 656 820 See
676 773 695 832 Ι,
713 775 734 832 3,
750 773 773 830 4,
789 775 918 820 note—
924 769 1027 836 Vestris]
1070 769 1157 819 Oioero
1176 769 1216 820 al·

190 849 260 900 ludes
271 854 297 898 to
307 849 344 896 his
356 849 419 898 son's
430 848 533 897 relation
543 853 570 896 to
581 848 720 913 Cratippus,
731 863 747 896 e
757 851 849 896 mester
859 847 888 895 oi
901 847 943 895 the
955 846 1103 911 Peripetetio
1113 847 1206 895 school.

223 930 244 974 3.
260 924 382 973 Quem
392 961 399 973 .
410 961 415 972 .
427 961 432 972 .
443 960 449 972 .
460 923 640 988 dinraoissent]
675 924 759 988 comp.
776 923 807 971 de
824 923 883 986 Leg.
900 923 919 981 Ι,
938 925 974 970 12.
1010 922 1083 970 Reote
1099 920 1215 970 Soerotoe

190 1001 296 1048 eaeerori
312 1015 366 1047 erem
382 999 477 1058 eolelot,
489 1000 532 1064 qui
539 1001 639 1065 primus
650 999 783 1047 utilitatem
794 1015 810 1046 o
821 1004 913 1046 natura
923 998 1071 1062 spumeos
1103 997 1135 1046 Id
1143 1000 1215 1046 enim

190 1076 334 1141 querelatur
344 1082 417 1141 eaput
427 1091 475 1123 esse
486 1076 617 1124 esitiorum
628 1072 936 1138 omninum—Primum]
964 1073 1050 1122 Primi
1058 1072 1137 1136 might
1144 1073 1213 1122 have

189 1151 252 1199 been
263 1150 332 1200 neoth
364 1151 388 1200 Z.
400 1152 441 1200 Gr.
453 1149 468 1215 ἓ
481 1153 535 1199 686.

223 1230 244 1276 5.
260 1226 411 1291 Indolentia]
445 1226 503 1274 nnis
514 1225 588 1284 word,
599 1224 727 1287 according
737 1228 764 1272 to
774 1223 874 1284 Nonius,
885 1223 929 1286 (II,
940 1225 1006 1283 453)
1015 1239 1068 1272 wes
1079 1223 1164 1272 odned
1174 1223 1213 1290 hy

191 1302 283 1362 cicero,
294 1306 321 1350 to
330 1306 458 1368 represent
467 1301 510 1350 the
522 1301 605 1350 Greek
621 1300 748 1358 inimo,
764 1299 844 1348 whioh
854 1315 914 1364 may
924 1299 977 1348 eleo
987 1299 1020 1348 he
1030 1299 1136 1348 iniened
1146 1299 1214 1348 from

191 1377 222 1428 de
234 1379 284 1426 sin.
296 1379 328 1438 II,
344 1383 367 1437 4,
379 1381 423 1426 11:
439 1383 636 1442 numpropterea
646 1375 757 1440 uoluptas
767 1375 829 1424 idem
840 1382 880 1434 est,
892 1375 960 1440 quod,
971 1382 1007 1424 ut
1024 1377 1076 1424 ito
1092 1375 1212 1435 elisam,

191 1455 226 1503 in
233 1454 269 1502 do
276 1454 329 1501 len
337 1460 347 1502 t
354 1455 364 1502 i
372 1453 514 1511 a.—Qul
530 1468 568 1500 res
579 1451 720 1516 expetendas
730 1451 766 1499 uel
782 1451 905 1516 voluptate
915 1451 953 1500 uel
963 1451 1099 1500 indolentia
1108 1452 1213 1500 metiun-

192 1529 244 1594 tur]
278 1529 308 1577 In
319 1529 360 1577 the
371 1527 441 1576 word
450 1528 572 1592 voluptate
582 1527 667 1576 (licere
678 1526 773 1575 sliudes
789 1529 815 1574 lo
826 1525 868 1574 the
880 1525 999 1592 Cyreneio
1009 1529 1061 1575 seot
1072 1526 1100 1574 of
1107 1525 1212 1589 Aristip-

190 1619 244 1670 pus,
255 1603 280 1650 in
291 1603 425 1651 indolentia
440 1607 466 1650 to
477 1602 532 1650 thel
542 1602 570 1649 of
586 1601 751 1666 Hieronymus
761 1601 790 1649 of
804 1601 908 1650 Rhodes
941 1601 1026 1668 Oomp.
1037 1601 1068 1650 de
1079 1601 1131 1650 hin
1143 1602 1211 1662 11,e,

193 1683 237 1727 le:
253 1693 295 1724 neo
312 1678 466 1741 Aristippus,
479 1677 522 1740 qui
533 1676 678 1740 voluptatem
689 1691 810 1725 summm
822 1677 911 1726 lenum
921 1677 987 1736 elicit,
998 1679 1026 1726 in
1037 1677 1159 1743 voluptate
1165 1693 1211 1742 po

191 1754 230 1801 nit
241 1767 291 1799 non
301 1751 395 1808 dolere,·
412 1766 488 1814 neque
499 1750 668 1812 Hieronymus,
680 1751 724 1815 qui
740 1767 859 1800 nonnum
873 1753 960 1801 bonnm
972 1754 1058 1802 statuit
1069 1769 1119 1801 non
1127 1753 1210 1813 dolere,

191 1827 322 1891 voluptatis
332 1827 429 1874 nomine
445 1841 554 1890 unquam
565 1827 645 1874 utitur
656 1842 705 1891 pro
721 1826 769 1874 illa
789 1827 1000 1877 indolentia:
1026 1831 1116 1894 quippe
1126 1831 1170 1894 qut
1181 1845 1212 1878 ne

191 1905 220 1952 in
231 1901 366 1968 expetendis
377 1901 472 1966 quidem
483 1901 553 1950 eelrto
563 1907 671 1950 numeret
680 1902 832 1968 voluptatem
864 1904 892 1952 B.

224 1978 246 2028 1.
266 1979 436 2027 Conuenienter
452 1983 547 2025 noturoe
563 1977 651 2042 meere]
686 1977 770 2043 Gomp.
782 1978 813 2027 de
824 1979 875 2027 Fin.
886 1979 918 2037 V,
930 1980 951 2037 9,
963 1983 1009 2039 26;
1025 1978 1152 2028 ennam
1167 1993 1212 2028 na·

192 2059 274 2103 turam
289 2054 381 2102 vivere:
408 2051 473 2117 meod
489 2054 526 2100 ito
541 2053 732 2119 interpretemur,
743 2055 819 2102 uiuere
830 2069 858 2102 ee
870 2055 977 2102 hominis
995 2060 1087 2103 natrero
1104 2054 1211 2119 undique

189 2131 298 2196 perfeeto
317 2135 340 2177 et
357 2128 423 2176 nihil
442 2129 712 2191 requirente—Qua
728 2129 855 2177 seeundrem
873 2135 989 2178 naturam
1006 2128 1093 2194 essent]
1127 2129 1211 2178 (tieem

192 2205 250 2254 here
262 2221 347 2253 means
357 2204 428 2252 those
438 2202 521 2266 things
532 2203 612 2251 which
623 2203 665 2266 (de
675 2203 726 2252 Fin.
738 2203 769 2262 V,
781 2203 802 2262 ’1,
815 2204 857 2268 18)
867 2203 899 2252 he
910 2205 969 2252 ealle
981 2207 1068 2270 primo
1084 2205 1211 2254 emendum

192 2288 308 2330 naturam
320 2318 325 2329 .
336 2317 342 2328 .
353 2317 359 2328 .
370 2317 375 2328 .
386 2296 397 2337 ,·
413 2281 443 2327 in
454 2279 542 2343 qulbus
553 2285 683 2327 numerant
700 2279 890 2328 imolmnitotem
906 2281 1153 2344 conservationemque
1163 2295 1211 2328 om·

192 2358 263 2404 nium
274 2357 392 2421 portium
404 2354 570 2412 valetudinem,
582 2369 663 2401 sensus
679 2356 791 2419 inteproe,
802 2355 892 2403 doloris
906 2356 1056 2414 uanitatem,
1072 2357 1141 2414 eires,
1153 2355 1211 2421 pul-

193 2431 360 2489 chritudinem,
371 2436 448 2478 eetero
456 2425 554 2495 peruris
562 2429 668 2494 ejurdm
694 2429 778 2494 Gomp.
787 2434 809 2488 5,
822 2434 843 2488 2,
855 2433 876 2489 8,
890 2433 935 2491 103
952 2433 973 2490 8,
986 2431 1112 2480 2.--Ita
1123 2430 1209 2498 lepore]

193 2506 245 2554 'l'he
256 2505 380 2569 following
396 2519 502 2570 passage
514 2505 576 2553 from
594 2505 625 2553 de
636 2505 687 2554 Fin
703 2506 748 2565 IV,
756 2509 794 2564 25,
805 2505 844 2564 ll,
855 2505 906 2554 will
917 2521 987 2555 serve
998 2510 1025 2554 to
1036 2505 1134 2572 explain
1145 2505 1211 2555 Oios-

193 2583 238 2630 ro's
249 2581 369 2644 meaning.
402 2581 485 2629 Media
496 2581 548 2640 illa,
559 2583 624 2629 inter
636 2597 689 2646 men
699 2581 766 2630 nihil
777 2583 881 2640 interest,
893 2588 974 2630 tamen
984 2582 1098 2646 q‘unnodi
1109 2589 1171 2641 eunt,
1182 2589 1211 2631 ot

194 2673 276 2706 eorum
292 2657 344 2704 alio
360 2655 469 2719 elipensis
486 2657 542 2714 sint,
554 2656 606 2704 alio
623 2657 757 2720 rejiciendo,
769 2657 822 2704 alia
840 2658 939 2706 manino
950 2657 1097 2722 neylipenda,
1108 2658 1152 2706 loe
1170 2664 1210 2718 ere,

194 2738 222 2779 ut
232 2746 313 2778 eonon
324 2731 377 2777 alia
387 2731 451 2788 velie,
463 2730 515 2777 olio
526 2731 596 2790 nolis,
608 2731 661 2778 olla
672 2747 722 2780 non
733 2747 805 2780 aeneo.

226 2808 248 2852 8.
265 2803 374 2868 Putant]
392 2803 441 2851 soil
453 2803 534 2852 Stoici

227 2883 249 2928 9.
266 2879 313 2927 See
326 2879 641 2944 Conspectus—Atque]
653 2879 747 2928 heslhe
756 2880 915 2943 signification
926 2883 954 2930 oi
968 2881 1106 2948 ort—Iri]
1125 2883 1210 2948 (lomp.

194 2955 213 3014 I,
226 2959 263 3014 35,
276 2959 304 3014 3;
320 2954 369 3002 and
384 2953 452 3013 inire,
464 2952 479 3019 ᾖ
493 2954 780 3016 10.—Similituolinee,
791 2957 848 3024 ele]
882 2959 930 3006 For
945 2957 988 3006 the
998 2958 1111 3007 omission
1127 2959 1155 3007 ol
1166 2959 1209 3008 tho

194 3029 348 3080 adversative
359 3030 467 3095 particle,
478 3045 519 3079 see
531 3031 555 3080 Z
567 3031 607 3080 Gr.
620 3029 635 3095 ξ
647 3031 702 3081 tel.

228 3109 264 3154 10.
285 3106 374 3168 Officia,
385 3107 469 3165 medio,
480 3108 623 3166 oommrmio,
634 3107 735 3172 reatino]
770 3107 854 3175 (lomp.
865 3109 884 3167 1,
896 3113 918 3168 8,
929 3113 951 3165 4,
962 3112 1025 3158 note„

228 3182 265 3228 11.
285 3180 372 3228 Omnes
382 3197 493 3229 numeros
503 3182 584 3247 halet]
618 3183 757 3246 Heusinger
767 3197 838 3247 says:
855 3183 1002 3250 Metaplsora
1012 3191 1046 3234 ert
1057 3201 1073 3233 a
1085 3185 1209 3251 polorstro,

194 3255 262 3318 eujus
281 3270 361 3302 ornnes
379 3262 457 3303 motus
468 3256 501 3304 orl
515 3257 583 3305 mnes
593 3259 734 3323 amnporitos
745 3260 788 3323 qui
800 3259 987 3325 perdidiceront,
1003 3276 1084 3309 omnes
1098 3275 1210 3310 nomem

195 3331 280 3381 naim
290 3330 435 3378 dicebantur.

229 3411 265 3456 13.
281 3405 420 3470 Poimotie]
455 3405 502 3454 See
521 3373 548 3455 Z,
563 3405 911 3476 Gr.§ll.--Unaquaque]
945 3409 1047 3459 Bonnell
1063 3409 1135 3460 reads
1151 3427 1209 3476 φισ-

195 3499 240 3548 que
257 3481 354 3547 simply.
387 3481 434 3529 For
452 3480 495 3528 the
514 3480 649 3542 differenee,
665 3497 707 3530 see
725 3483 749 3533 Z
767 3485 809 3534 Gr.
826 3483 842 3550 ξ
862 3485 1045 3536 'llll—Ciam
1061 3492 1119 3535 nent
1134 3485 1208 3553 doctr]

195 3557 365 3625 oomp.§1e:
382 3563 526 3607 nnnaotnm
537 3563 576 3606 ert.

228 3707 330 3758 osrv.
364 3707 631 3774 sennonem]
671 3709 1029 3776 semronmaron
1061 3709 1086 3760 n
