2648 4288
506 331 592 370 arnas
605 331 625 372 r.
675 333 741 372 ose.
757 331 809 372 vu.
1129 317 1167 372 lt

0 500 1 513 .
97 448 104 493 ’-
148 457 178 516 in
191 477 249 534 qua
262 458 401 516 excellere
421 459 573 536 pulchrum
588 467 738 538 putamus:
759 461 817 518 labi
837 467 942 528 antem,
953 479 1054 527 errare,
1065 477 1114 518 ne-

149 547 228 613 scire,
248 547 348 624 decipi.
368 555 397 605 et
416 549 523 606 malum
544 559 574 608 et
592 559 677 627 turpe
695 550 833 608 ducimus.
876 551 911 608 In
932 551 986 608 hoc
1010 555 1146 628 generet

149 645 179 694 et
192 637 313 694 naturali
327 645 357 694 et
378 638 498 695 honesto
513 639 571 696 duo
591 639 659 696 vitia
672 639 788 696 vitanda
802 648 884 697 sunt:
906 659 1002 704 unum,
1017 657 1053 696 ne
1073 639 1113 696 in·

149 726 262 803 cognita
282 746 334 802 pro
354 727 472 804 cognitis
493 728 656 794 habeamus,
672 729 771 805 hisque
792 737 898 786 temere
918 729 1113 786 assentiamur.

150 813 234 884 Quod
254 815 352 872 vitium
373 817 498 893 effugere
511 816 560 893 qui
574 817 659 883 volet,
675 816 785 894 (omnes
799 826 895 874 autem
909 818 981 876 velle
995 815 1113 895 debent)

149 905 296 962 adhibebit
322 906 360 963 ad
381 905 600 964 considerandas
620 925 665 964 res
685 913 714 964 et
741 916 855 983 tempus
875 915 905 964 et
931 907 1112 984 diligentiam.

149 994 282 1052 Alterum
302 1003 347 1052 est
367 995 474 1061 vitium,
488 994 566 1071 quod
586 995 701 1072 quidam
721 996 803 1053 nimis
827 1014 963 1073 magnum
986 996 1148 1054 studiant

148 1085 324 1160 multamque
336 1102 450 1160 operam
458 1084 495 1172 g'n
509 1103 553 1140 res
567 1085 704 1142 obscuras
718 1095 803 1160 atque
818 1085 943 1142 difficiles
957 1085 1114 1152 conferunt,

148 1173 321 1248 easdemque
335 1192 391 1230 non
404 1173 584 1230 necessarias.
622 1175 733 1242 Quibus
743 1174 815 1230 vitiis
829 1174 984 1240 declinatis,
995 1175 1073 1250 quod
1086 1175 1115 1232 in
1130 1183 1147 1234 5

121 1263 124 1270 ‘
148 1263 234 1320 rebus
248 1261 373 1320 honestis
386 1269 416 1318 et
429 1262 587 1338 cognitione
603 1262 695 1339 dignis
715 1281 811 1339 operae
832 1281 964 1338 euraeque
985 1271 1106 1338 ponetur

148 1351 178 1409 id
190 1351 255 1428 jure
269 1350 447 1409 laudabitur:
469 1350 543 1407 utin
558 1351 711 1428 astrologia
725 1352 758 1408 O.
774 1350 931 1426 Sulpicium
944 1351 1112 1418 audivimus,

148 1441 177 1498 in
191 1440 347 1517 geometria
361 1439 426 1498 Sex.
439 1440 608 1515 Pompeium
622 1440 675 1516 ipsi
689 1440 881 1517 cognovimus,
897 1440 1002 1496 multos
1015 1440 1043 1496 in
1057 1439 1132 1498 dia·

148 1529 264 1595 lecticis,
280 1529 376 1605 plures
396 1529 424 1586 in
441 1529 506 1605 jure
527 1529 605 1586 civili.
649 1529 721 1596 Quae
734 1547 832 1586 omnes
853 1535 929 1586 artes
950 1529 978 1586 in
991 1529 1051 1586 veri
1071 1530 1111 1587 in-
1127 1535 1145 1588 6

148 1617 334 1695 vestigatione
353 1624 510 1683 versantur,
525 1618 607 1695 cujus
621 1618 717 1675 studio
730 1637 748 1674 a
761 1619 846 1676 rebus
866 1618 997 1695 gerendis
1011 1618 1115 1676 abduci

149 1714 248 1764 contra
262 1706 382 1764 officium
396 1714 449 1764 est.
491 1706 612 1764 Virtutis
623 1707 696 1764 enim
707 1707 769 1764 lans
780 1707 870 1764 omnis
884 1707 912 1764 in
926 1707 1035 1764 actione
1049 1725 1115 1764 con·

149 1796 238 1854 sistit:
261 1814 278 1852 a
292 1814 349 1871 qua
362 1803 457 1852 tamen
470 1796 503 1852 lit
516 1795 683 1852 intermissio
697 1813 784 1872 saepe,
798 1795 938 1870 multique
959 1796 1065 1853 dantur
1078 1795 1116 1853 ad

149 1885 244 1943 studia
258 1884 381 1942 reditus:
403 1894 466 1940 tum
479 1884 598 1962 agitatio
611 1885 722 1951 mentis,
738 1903 803 1961 quae
825 1903 970 1960 nunquam
990 1885 1116 1960 acquies-

149 1975 196 2040 cit,
211 1982 307 2052 potest
321 1993 372 2031 nos
386 1973 413 2030 in
428 1973 528 2030 studiis
544 1973 719 2050 cognitionis,
731 1973 816 2030 etiam
837 1973 896 2030 sine
910 1991 997 2048 opera
1010 1981 1115 2039 nostra,

150 2063 298 2122 continere.
341 2062 438 2119 Omnis
459 2069 555 2119 autem
579 2062 715 2139 cogitatio
742 2070 893 2137 motusque
914 2061 999 2118 animi
1019 2068 1068 2118 aut
1088 2061 1148 2120 int

150 2152 269 2210 consiliis
284 2151 427 2228 capiendis
441 2151 477 2208 de
491 2151 577 2208 rebus
591 2151 717 2208 honestis
731 2158 760 2208 et
775 2150 979 2226 pertinentibus
992 2150 1029 2206 ad
1045 2151 1118 2208 bene

149 2242 289 2318 beateque
311 2241 470 2304 vivendum,
493 2247 544 2296 aut
567 2239 595 2296 in
616 2239 718 2296 studiis
742 2239 866 2296 scientiae
896 2238 1117 2316 cognitionisque

148 2331 314 2389 versabitur.
356 2328 401 2385 Ac
415 2329 452 2386 de
466 2328 685 2405 primoquidem
699 2327 781 2385 officii
794 2326 872 2384 fonte
886 2326 1017 2385 diximus.

187 2507 257 2566 VII.
279 2507 326 2564 De
348 2505 438 2562 tribus
463 2511 561 2580 autem
585 2504 699 2581 reliquis
723 2503 858 2562 latissime
882 2511 963 2580 patet
983 2523 1018 2562 ea
1037 2505 1117 2574 ratio,
1193 2529 1207 2546 ι

148 2616 206 2675 qua
219 2596 338 2654 societas
358 2594 504 2652 hominum
522 2594 595 2652 inter
615 2594 691 2671 ipsos
705 2601 734 2652 et
748 2594 815 2652 ritae
830 2594 911 2670 quasi
930 2595 1118 2653 communitus

149 2686 323 2756 continetur:
350 2684 432 2762 cujus
459 2693 555 2760 partes
578 2683 655 2750 duae,
673 2683 853 2761 justitia,
876 2683 905 2740 in
925 2702 983 2760 qua
1004 2684 1118 2742 virtutis

148 2775 283 2852 splendor
297 2782 341 2830 est
354 2773 501 2838 maximus,
517 2791 551 2830 ex
565 2791 622 2849 qua
636 2773 687 2830 viri
707 2772 774 2830 boni
788 2773 984 2841 nominantur;
1004 2779 1034 2830 et
1051 2774 1118 2832 huic

149 2864 301 2940 conjuncta
321 2861 610 2928 beneficentia,
625 2881 711 2937 quam
726 2862 846 2920 eandem
859 2862 904 2920 vel
916 2862 1119 2940 benignitatem

148 2954 193 3011 vel
207 2951 405 3010 bberalitatem
418 2951 558 3028 appellari
572 2951 646 3009 licet.

189 3042 247 3100 Sed
270 3040 440 3118 justitiae
463 3040 585 3117 primum
600 3059 703 3098 munus
716 3039 1150 3115 estutnccuiquisnoceatt

147 3131 200 3188 nisi
221 3130 370 3188 lacessitus
391 3129 493 3207 injuria
502 3148 509 3196 ;
523 3134 526 3143 '
539 3128 641 3186 deinde
662 3136 695 3185 ut
713 3127 911 3185 communibus
925 3147 978 3204 pro
991 3147 1117 3186 commu·

148 3219 230 3278 nibus
252 3226 357 3285 utatur,
373 3218 489 3296 privatis
516 3225 551 3275 ut
574 3217 640 3274 suis.
683 3216 758 3282 Sunt
779 3224 876 3275 autem
900 3217 1011 3293 privata
1037 3219 1148 3276 nullatt

147 3315 257 3376 natura,
279 3307 330 3366 sed
359 3315 410 3364 aut
437 3314 533 3364 vetere
563 3305 759 3384 occupatione,
779 3314 813 3364 ut
841 3306 890 3382 qui
918 3307 1064 3382 quondam
1090 3307 1119 3364 in

148 3415 239 3454 vacua
259 3403 412 3464 venerunt;
433 3404 484 3452 aut
503 3396 628 3464 victorie,
643 3403 677 3452 nt
695 3395 744 3471 qni
765 3394 841 3452 bello
860 3395 944 3472 potiti
964 3403 1047 3462 sunt;
1066 3400 1119 3452 aut

147 3485 221 3563 lege,
243 3485 382 3562 pactione,
403 3485 571 3551 conditione,
592 3492 678 3542 sorte
719 3484 763 3540 Ex
784 3502 841 3559 quo
865 3484 906 3550 fit,
921 3491 954 3540 ut
972 3501 1042 3560 ager
1061 3484 1117 3538 Ar-

147 3574 229 3652 pinas
250 3573 431 3650 Arpinatium
453 3573 572 3640 dicatur,
587 3570 764 3630 Tummanus
783 3572 1022 3630 Tusculanorum:
1043 3569 1116 3628 sinu-

147 3662 239 3740 lisque
252 3669 297 3721 cst
310 3662 485 3741 privatarum
497 3661 706 3740 possessionum
719 3659 882 3738 descriptio.
922 3659 967 3716 Ex
980 3677 1038 3736 quo
1051 3659 1118 3736 qu'm
1131 3664 1151 3722 t

651 3755 669 3808 2
