<?xml version="1.0" encoding="UTF-8"?>
<!DOCTYPE html PUBLIC "-//W3C//DTD XHTML 1.0 Transitional//EN"
    "http://www.w3.org/TR/xhtml1/DTD/xhtml1-transitional.dtd">
<html xmlns="http://www.w3.org/1999/xhtml" xml:lang="en" lang="en">
 <head>
  <title>
</title>
<meta http-equiv="Content-Type" content="text/html;charset=utf-8" />
  <meta name='ocr-system' content='tesseract 3.04.00' />
  <meta name='ocr-capabilities' content='ocr_page ocr_carea ocr_par ocr_line ocrx_word'/>
</head>
<body>
  <div class='ocr_page' id='page_1' title='image "./mtulliiciceroni01thacgoog_0027.png"; bbox 0 0 2648 4288; ppageno 0'>
   <div class='ocr_carea' id='block_1_1' title="bbox 174 289 773 344">
    <p class='ocr_par' dir='ltr' id='par_1_1' title="bbox 174 289 773 344">
     <span class='ocr_line' id='line_1_1' title="bbox 174 289 773 344; baseline -0.01 0"><span class='ocrx_word' id='word_1_1' title='bbox 174 289 211 344; x_wconf 82' lang='lat' dir='ltr'><strong>la</strong></span> <span class='ocrx_word' id='word_1_2' title='bbox 586 301 624 340; x_wconf 84' lang='lat' dir='ltr'><strong>nn</strong></span> <span class='ocrx_word' id='word_1_3' title='bbox 645 297 773 340; x_wconf 75' lang='lat' dir='ltr'><strong>ormena</strong></span> 
     </span>
    </p>
   </div>
   <div class='ocr_carea' id='block_1_2' title="bbox 223 419 1257 587">
    <p class='ocr_par' dir='ltr' id='par_1_2' title="bbox 223 419 1257 587">
     <span class='ocr_line' id='line_1_2' title="bbox 223 419 1257 504; baseline -0.002 -16"><span class='ocrx_word' id='word_1_4' title='bbox 223 429 401 488; x_wconf 87' lang='lat' dir='ltr'><strong>nobilitatum</strong></span> <span class='ocrx_word' id='word_1_5' title='bbox 428 448 484 488; x_wconf 90' lang='lat' dir='ltr'><strong>non</strong></span> <span class='ocrx_word' id='word_1_6' title='bbox 510 429 555 496; x_wconf 85' lang='lat' dir='ltr'><strong>sit,</strong></span> <span class='ocrx_word' id='word_1_7' title='bbox 577 435 672 486; x_wconf 90' lang='lat' dir='ltr'><strong>tamen</strong></span> <span class='ocrx_word' id='word_1_8' title='bbox 700 428 850 484; x_wconf 89' lang='lat' dir='ltr'><strong>honestum</strong></span> <span class='ocrx_word' id='word_1_9' title='bbox 875 435 936 494; x_wconf 80' lang='lat' dir='ltr'><strong>est3</strong></span> <span class='ocrx_word' id='word_1_10' title='bbox 964 427 1098 504; x_wconf 90' lang='lat' dir='ltr'><strong>quodque</strong></span> <span class='ocrx_word' id='word_1_11' title='bbox 1119 445 1202 486; x_wconf 83' lang='lat' dir='ltr'><strong>vere</strong></span> <span class='ocrx_word' id='word_1_12' title='bbox 1252 419 1257 463; x_wconf 59' lang='grc'><strong>·’</strong></span> 
     </span>
     <span class='ocr_line' id='line_1_3' title="bbox 224 517 1108 587; baseline -0.003 -9"><span class='ocrx_word' id='word_1_13' title='bbox 224 519 351 587; x_wconf 79' lang='lat' dir='ltr'><strong>dicimus,</strong></span> <span class='ocrx_word' id='word_1_14' title='bbox 367 519 477 577; x_wconf 87' lang='lat' dir='ltr'><strong>etiamsi</strong></span> <span class='ocrx_word' id='word_1_15' title='bbox 490 537 508 576; x_wconf 90' lang='lat' dir='ltr'><strong>a</strong></span> <span class='ocrx_word' id='word_1_16' title='bbox 522 519 600 576; x_wconf 93' lang='lat' dir='ltr'><strong>nullo</strong></span> <span class='ocrx_word' id='word_1_17' title='bbox 614 518 754 584; x_wconf 80' lang='lat' dir='ltr'><strong>laudetur,</strong></span> <span class='ocrx_word' id='word_1_18' title='bbox 769 522 870 573; x_wconf 86' lang='lat' dir='ltr'><strong>natura</strong></span> <span class='ocrx_word' id='word_1_19' title='bbox 883 535 946 574; x_wconf 85' lang='lat' dir='ltr'><strong>esse</strong></span> <span class='ocrx_word' id='word_1_20' title='bbox 960 517 1108 576; x_wconf 81' lang='lat' dir='ltr'><strong>laudabile.</strong></span> 
     </span>
    </p>
   </div>
   <div class='ocr_carea' id='block_1_3' title="bbox 191 694 1200 1134">
    <p class='ocr_par' dir='ltr' id='par_1_3' title="bbox 191 694 1200 1134">
     <span class='ocr_line' id='line_1_4' title="bbox 262 694 1200 772; baseline -0.002 -17"><span class='ocrx_word' id='word_1_21' title='bbox 262 697 299 756; x_wconf 90' lang='lat' dir='ltr'><strong>V.</strong></span> <span class='ocrx_word' id='word_1_22' title='bbox 321 698 454 754; x_wconf 87' lang='lat' dir='ltr'><strong>Formam</strong></span> <span class='ocrx_word' id='word_1_23' title='bbox 467 696 583 772; x_wconf 90' lang='lat' dir='ltr'><strong>quidem</strong></span> <span class='ocrx_word' id='word_1_24' title='bbox 596 695 696 772; x_wconf 91' lang='lat' dir='ltr'><strong>ipsam,</strong></span> <span class='ocrx_word' id='word_1_25' title='bbox 712 695 809 752; x_wconf 80' lang='lat' dir='ltr'>Marce</span> <span class='ocrx_word' id='word_1_26' title='bbox 822 694 869 760; x_wconf 89' lang='lat' dir='ltr'><strong>fili,</strong></span> <span class='ocrx_word' id='word_1_27' title='bbox 882 701 911 752; x_wconf 93' lang='lat' dir='ltr'><strong>et</strong></span> <span class='ocrx_word' id='word_1_28' title='bbox 924 702 1070 772; x_wconf 78' lang='lat' dir='ltr'><strong>tamquam</strong></span> <span class='ocrx_word' id='word_1_29' title='bbox 1084 695 1200 754; x_wconf 78' lang='lat' dir='ltr'><strong>taciem</strong></span> 
     </span>
     <span class='ocr_line' id='line_1_5' title="bbox 222 784 1198 862; baseline -0.002 -18"><span class='ocrx_word' id='word_1_30' title='bbox 222 786 333 844; x_wconf 89' lang='lat' dir='ltr'><strong>honesti</strong></span> <span class='ocrx_word' id='word_1_31' title='bbox 353 786 448 843; x_wconf 84' lang='lat' dir='ltr'><strong>vides:</strong></span> <span class='ocrx_word' id='word_1_32' title='bbox 470 805 545 862; x_wconf 86' lang='lat' dir='ltr'><strong>quae,</strong></span> <span class='ocrx_word' id='word_1_33' title='bbox 568 785 592 842; x_wconf 90' lang='lat' dir='ltr'><strong>si</strong></span> <span class='ocrx_word' id='word_1_34' title='bbox 611 784 700 842; x_wconf 88' lang='lat' dir='ltr'><strong>oculis</strong></span> <span class='ocrx_word' id='word_1_35' title='bbox 720 790 890 850; x_wconf 89' lang='lat' dir='ltr'><strong>cerneretur,</strong></span> <span class='ocrx_word' id='word_1_36' title='bbox 905 784 1045 842; x_wconf 86' lang='lat' dir='ltr'><strong>mirabiles</strong></span> <span class='ocrx_word' id='word_1_37' title='bbox 1065 803 1198 851; x_wconf 86' lang='lat' dir='ltr'><strong>amores,</strong></span> 
     </span>
     <span class='ocr_line' id='line_1_6' title="bbox 191 872 1200 951; baseline -0.002 -19"><span class='ocrx_word' id='word_1_38' title='bbox 191 880 256 932; x_wconf 68' lang='lat' dir='ltr'><strong>hut</strong></span> <span class='ocrx_word' id='word_1_39' title='bbox 283 875 323 932; x_wconf 86' lang='lat' dir='ltr'><strong>ait</strong></span> <span class='ocrx_word' id='word_1_40' title='bbox 349 875 441 941; x_wconf 87' lang='lat' dir='ltr'><strong>Plato,</strong></span> <span class='ocrx_word' id='word_1_41' title='bbox 467 874 603 932; x_wconf 81' lang='lat' dir='ltr'><strong>excitaret</strong></span> <span class='ocrx_word' id='word_1_42' title='bbox 630 873 786 949; x_wconf 85' lang='lat' dir='ltr'><strong>sapientiae.</strong></span> <span class='ocrx_word' id='word_1_43' title='bbox 829 872 887 930; x_wconf 80' lang='lat' dir='ltr'><strong>Sed</strong></span> <span class='ocrx_word' id='word_1_44' title='bbox 912 891 1003 940; x_wconf 89' lang='lat' dir='ltr'><strong>omne,</strong></span> <span class='ocrx_word' id='word_1_45' title='bbox 1030 874 1108 951; x_wconf 93' lang='lat' dir='ltr'><strong>quod</strong></span> <span class='ocrx_word' id='word_1_46' title='bbox 1145 879 1200 930; x_wconf 86' lang='lat' dir='ltr'><strong>est</strong></span> 
     </span>
     <span class='ocr_line' id='line_1_7' title="bbox 223 962 1199 1039; baseline 0 -19"><span class='ocrx_word' id='word_1_47' title='bbox 223 963 382 1029; x_wconf 89' lang='lat' dir='ltr'><strong>honestum,</strong></span> <span class='ocrx_word' id='word_1_48' title='bbox 397 963 426 1021; x_wconf 90' lang='lat' dir='ltr'><strong>id</strong></span> <span class='ocrx_word' id='word_1_49' title='bbox 447 970 582 1039; x_wconf 86' lang='lat' dir='ltr'><strong>quattuor</strong></span> <span class='ocrx_word' id='word_1_50' title='bbox 596 962 718 1038; x_wconf 86' lang='lat' dir='ltr'><strong>partium</strong></span> <span class='ocrx_word' id='word_1_51' title='bbox 732 962 819 1020; x_wconf 87' lang='lat' dir='ltr'><strong>oritur</strong></span> <span class='ocrx_word' id='word_1_52' title='bbox 839 979 875 1018; x_wconf 86' lang='lat' dir='ltr'><strong>ex</strong></span> <span class='ocrx_word' id='word_1_53' title='bbox 895 962 995 1038; x_wconf 88' lang='lat' dir='ltr'><strong>aliqua.</strong></span> <span class='ocrx_word' id='word_1_54' title='bbox 1036 963 1099 1020; x_wconf 91' lang='lat' dir='ltr'><strong>Aut</strong></span> <span class='ocrx_word' id='word_1_55' title='bbox 1112 963 1199 1020; x_wconf 87' lang='lat' dir='ltr'><strong>enim</strong></span> 
     </span>
     <span class='ocr_line' id='line_1_8' title="bbox 222 1051 1199 1134; baseline -0.001 -24"><span class='ocrx_word' id='word_1_56' title='bbox 222 1053 252 1109; x_wconf 93' lang='lat' dir='ltr'><strong>in</strong></span> <span class='ocrx_word' id='word_1_57' title='bbox 271 1052 470 1130; x_wconf 79' lang='lat' dir='ltr'><strong>perspicientia</strong></span> <span class='ocrx_word' id='word_1_58' title='bbox 489 1051 548 1108; x_wconf 86' lang='lat' dir='ltr'><strong>veri</strong></span> <span class='ocrx_word' id='word_1_59' title='bbox 568 1051 748 1127; x_wconf 74' lang='lat' dir='ltr'><strong>sollertiaque</strong></span> <span class='ocrx_word' id='word_1_60' title='bbox 768 1059 912 1134; x_wconf 82' lang='lat' dir='ltr'><strong>versatur:</strong></span> <span class='ocrx_word' id='word_1_61' title='bbox 934 1060 984 1108; x_wconf 88' lang='lat' dir='ltr'><strong>aut</strong></span> <span class='ocrx_word' id='word_1_62' title='bbox 997 1051 1027 1109; x_wconf 92' lang='lat' dir='ltr'><strong>in</strong></span> <span class='ocrx_word' id='word_1_63' title='bbox 1040 1052 1199 1110; x_wconf 90' lang='lat' dir='ltr'><strong>hominum</strong></span> 
     </span>
    </p>
   </div>
   <div class='ocr_carea' id='block_1_4' title="bbox 222 1125 1299 1216">
    <p class='ocr_par' dir='ltr' id='par_1_4' title="bbox 222 1125 1299 1216">
     <span class='ocr_line' id='line_1_9' title="bbox 222 1125 1299 1216; baseline -0.004 -16"><span class='ocrx_word' id='word_1_64' title='bbox 222 1142 356 1200; x_wconf 88' lang='lat' dir='ltr'><strong>societate</strong></span> <span class='ocrx_word' id='word_1_65' title='bbox 376 1141 490 1207; x_wconf 87' lang='lat' dir='ltr'><strong>tuenda,</strong></span> <span class='ocrx_word' id='word_1_66' title='bbox 506 1140 714 1216; x_wconf 86' lang='lat' dir='ltr'><strong>tribuendoque</strong></span> <span class='ocrx_word' id='word_1_67' title='bbox 734 1160 818 1198; x_wconf 90' lang='lat' dir='ltr'><strong>suum</strong></span> <span class='ocrx_word' id='word_1_68' title='bbox 837 1140 948 1216; x_wconf 88' lang='lat' dir='ltr'><strong>cuique,</strong></span> <span class='ocrx_word' id='word_1_69' title='bbox 962 1148 992 1197; x_wconf 93' lang='lat' dir='ltr'><strong>et</strong></span> <span class='ocrx_word' id='word_1_70' title='bbox 1005 1160 1100 1198; x_wconf 88' lang='lat' dir='ltr'><strong>rerum</strong></span> <span class='ocrx_word' id='word_1_71' title='bbox 1121 1160 1195 1198; x_wconf 88' lang='lat' dir='ltr'><strong>con·</strong></span> <span class='ocrx_word' id='word_1_72' title='bbox 1298 1125 1299 1154; x_wconf 66' lang='lat'>³</span> 
     </span>
    </p>
   </div>
   <div class='ocr_carea' id='block_1_5' title="bbox 190 1229 1195 1660">
    <p class='ocr_par' dir='ltr' id='par_1_5' title="bbox 190 1229 1195 1660">
     <span class='ocr_line' id='line_1_10' title="bbox 223 1229 1195 1306; baseline -0.001 -17"><span class='ocrx_word' id='word_1_73' title='bbox 223 1238 378 1290; x_wconf 79' lang='lat' dir='ltr'><strong>tracturum</strong></span> <span class='ocrx_word' id='word_1_74' title='bbox 392 1231 463 1288; x_wconf 89' lang='lat' dir='ltr'><strong>fide:</strong></span> <span class='ocrx_word' id='word_1_75' title='bbox 486 1229 579 1288; x_wconf 89' lang='lat' dir='ltr'><strong>autin</strong></span> <span class='ocrx_word' id='word_1_76' title='bbox 599 1229 683 1286; x_wconf 86' lang='lat' dir='ltr'><strong>animi</strong></span> <span class='ocrx_word' id='word_1_77' title='bbox 697 1229 801 1286; x_wconf 87' lang='lat' dir='ltr'><strong>excelsi</strong></span> <span class='ocrx_word' id='word_1_78' title='bbox 821 1237 908 1306; x_wconf 88' lang='lat' dir='ltr'><strong>atque</strong></span> <span class='ocrx_word' id='word_1_79' title='bbox 928 1229 1023 1288; x_wconf 84' lang='lat' dir='ltr'><strong>invicti</strong></span> <span class='ocrx_word' id='word_1_80' title='bbox 1045 1230 1195 1306; x_wconf 84' lang='lat' dir='ltr'><strong>magnitu-</strong></span> 
     </span>
     <span class='ocr_line' id='line_1_11' title="bbox 223 1318 1193 1395; baseline -0.003 -17"><span class='ocrx_word' id='word_1_81' title='bbox 223 1319 287 1378; x_wconf 91' lang='lat' dir='ltr'><strong>dine</strong></span> <span class='ocrx_word' id='word_1_82' title='bbox 307 1339 341 1378; x_wconf 88' lang='lat' dir='ltr'><strong>ac</strong></span> <span class='ocrx_word' id='word_1_83' title='bbox 355 1321 471 1378; x_wconf 86' lang='lat' dir='ltr'><strong>robore:</strong></span> <span class='ocrx_word' id='word_1_84' title='bbox 493 1319 584 1376; x_wconf 89' lang='lat' dir='ltr'><strong>autin</strong></span> <span class='ocrx_word' id='word_1_85' title='bbox 599 1319 732 1385; x_wconf 88' lang='lat' dir='ltr'><strong>omnium,</strong></span> <span class='ocrx_word' id='word_1_86' title='bbox 747 1337 811 1395; x_wconf 88' lang='lat' dir='ltr'><strong>quae</strong></span> <span class='ocrx_word' id='word_1_87' title='bbox 825 1319 896 1376; x_wconf 85' lang='lat' dir='ltr'><strong>liunt</strong></span> <span class='ocrx_word' id='word_1_88' title='bbox 909 1336 1030 1394; x_wconf 81' lang='lat' dir='ltr'><strong>quaeque</strong></span> <span class='ocrx_word' id='word_1_89' title='bbox 1044 1318 1193 1385; x_wconf 90' lang='lat' dir='ltr'><strong>dicuntur,</strong></span> 
     </span>
     <span class='ocr_line' id='line_1_12' title="bbox 190 1406 1193 1484; baseline -0.002 -18"><span class='ocrx_word' id='word_1_90' title='bbox 190 1415 207 1466; x_wconf 80' lang='grc'><strong>3</strong></span> <span class='ocrx_word' id='word_1_91' title='bbox 223 1410 319 1466; x_wconf 91' lang='lat' dir='ltr'><strong>ordine</strong></span> <span class='ocrx_word' id='word_1_92' title='bbox 334 1418 363 1467; x_wconf 91' lang='lat' dir='ltr'><strong>et</strong></span> <span class='ocrx_word' id='word_1_93' title='bbox 376 1409 471 1475; x_wconf 89' lang='lat' dir='ltr'><strong>modo,</strong></span> <span class='ocrx_word' id='word_1_94' title='bbox 481 1409 510 1466; x_wconf 93' lang='lat' dir='ltr'><strong>in</strong></span> <span class='ocrx_word' id='word_1_95' title='bbox 523 1428 580 1484; x_wconf 90' lang='lat' dir='ltr'><strong>quo</strong></span> <span class='ocrx_word' id='word_1_96' title='bbox 593 1409 665 1466; x_wconf 89' lang='lat' dir='ltr'><strong>inest</strong></span> <span class='ocrx_word' id='word_1_97' title='bbox 678 1407 818 1464; x_wconf 87' lang='lat' dir='ltr'><strong>modestia</strong></span> <span class='ocrx_word' id='word_1_98' title='bbox 831 1414 860 1464; x_wconf 90' lang='lat' dir='ltr'><strong>et</strong></span> <span class='ocrx_word' id='word_1_99' title='bbox 880 1406 1074 1482; x_wconf 85' lang='lat' dir='ltr'><strong>temperantia.</strong></span> <span class='ocrx_word' id='word_1_100' title='bbox 1116 1407 1193 1475; x_wconf 77' lang='lat' dir='ltr'><strong>Quae</strong></span> 
     </span>
     <span class='ocr_line' id='line_1_13' title="bbox 223 1495 1191 1572; baseline -0.001 -18"><span class='ocrx_word' id='word_1_101' title='bbox 223 1504 357 1572; x_wconf 87' lang='lat' dir='ltr'><strong>quattuor</strong></span> <span class='ocrx_word' id='word_1_102' title='bbox 377 1515 551 1572; x_wconf 88' lang='lat' dir='ltr'><strong>quamquam</strong></span> <span class='ocrx_word' id='word_1_103' title='bbox 565 1497 638 1552; x_wconf 89' lang='lat' dir='ltr'><strong>inter</strong></span> <span class='ocrx_word' id='word_1_104' title='bbox 651 1515 682 1552; x_wconf 85' lang='lat' dir='ltr'><strong>se</strong></span> <span class='ocrx_word' id='word_1_105' title='bbox 697 1495 831 1572; x_wconf 90' lang='lat' dir='ltr'><strong>colligata</strong></span> <span class='ocrx_word' id='word_1_106' title='bbox 851 1505 937 1571; x_wconf 87' lang='lat' dir='ltr'><strong>atque</strong></span> <span class='ocrx_word' id='word_1_107' title='bbox 951 1496 1095 1572; x_wconf 86' lang='lat' dir='ltr'><strong>implicata</strong></span> <span class='ocrx_word' id='word_1_108' title='bbox 1109 1503 1191 1563; x_wconf 87' lang='lat' dir='ltr'><strong>sunt,</strong></span> 
     </span>
     <span class='ocr_line' id='line_1_14' title="bbox 222 1583 1193 1660; baseline 0.002 -18"><span class='ocrx_word' id='word_1_109' title='bbox 222 1591 319 1642; x_wconf 89' lang='lat' dir='ltr'><strong>tamen</strong></span> <span class='ocrx_word' id='word_1_110' title='bbox 332 1604 368 1641; x_wconf 83' lang='lat' dir='ltr'><strong>ex</strong></span> <span class='ocrx_word' id='word_1_111' title='bbox 381 1585 497 1660; x_wconf 84' lang='lat' dir='ltr'><strong>singulis</strong></span> <span class='ocrx_word' id='word_1_112' title='bbox 512 1591 590 1640; x_wconf 88' lang='lat' dir='ltr'><strong>certa</strong></span> <span class='ocrx_word' id='word_1_113' title='bbox 603 1583 758 1640; x_wconf 91' lang='lat' dir='ltr'><strong>officiorum</strong></span> <span class='ocrx_word' id='word_1_114' title='bbox 778 1601 883 1660; x_wconf 88' lang='lat' dir='ltr'><strong>genera</strong></span> <span class='ocrx_word' id='word_1_115' title='bbox 896 1591 1057 1642; x_wconf 84' lang='lat' dir='ltr'><strong>nascuntur.</strong></span> <span class='ocrx_word' id='word_1_116' title='bbox 1098 1585 1193 1644; x_wconf 81' lang='lat' dir='ltr'><strong>Velut</strong></span> 
     </span>
    </p>
   </div>
   <div class='ocr_carea' id='block_1_6' title="bbox 225 1671 1299 1762">
    <p class='ocr_par' dir='ltr' id='par_1_6' title="bbox 225 1671 1299 1762">
     <span class='ocr_line' id='line_1_15' title="bbox 225 1671 1299 1762; baseline 0 -32"><span class='ocrx_word' id='word_1_117' title='bbox 225 1691 261 1730; x_wconf 83' lang='lat' dir='ltr'><strong>ex</strong></span> <span class='ocrx_word' id='word_1_118' title='bbox 281 1691 315 1730; x_wconf 88' lang='lat' dir='ltr'><strong>ea</strong></span> <span class='ocrx_word' id='word_1_119' title='bbox 331 1678 420 1748; x_wconf 88' lang='lat' dir='ltr'><strong>parte,</strong></span> <span class='ocrx_word' id='word_1_120' title='bbox 436 1691 500 1748; x_wconf 82' lang='lat' dir='ltr'><strong>quae</strong></span> <span class='ocrx_word' id='word_1_121' title='bbox 517 1671 608 1748; x_wconf 88' lang='lat' dir='ltr'><strong>prima</strong></span> <span class='ocrx_word' id='word_1_122' title='bbox 628 1671 770 1746; x_wconf 90' lang='lat' dir='ltr'><strong>descripta</strong></span> <span class='ocrx_word' id='word_1_123' title='bbox 788 1679 840 1738; x_wconf 87' lang='lat' dir='ltr'><strong>est,</strong></span> <span class='ocrx_word' id='word_1_124' title='bbox 856 1672 884 1729; x_wconf 94' lang='lat' dir='ltr'><strong>in</strong></span> <span class='ocrx_word' id='word_1_125' title='bbox 902 1691 960 1748; x_wconf 87' lang='lat' dir='ltr'><strong>qua</strong></span> <span class='ocrx_word' id='word_1_126' title='bbox 978 1673 1144 1749; x_wconf 86' lang='lat' dir='ltr'><strong>sapientiam</strong></span> <span class='ocrx_word' id='word_1_127' title='bbox 1158 1679 1192 1730; x_wconf 92' lang='lat' dir='ltr'><strong>et</strong></span> <span class='ocrx_word' id='word_1_128' title='bbox 1298 1739 1299 1762; x_wconf 22' lang='lat'>¹</span> 
     </span>
    </p>
   </div>
   <div class='ocr_carea' id='block_1_7' title="bbox 189 1760 1191 1928">
    <p class='ocr_par' dir='ltr' id='par_1_7' title="bbox 189 1760 1191 1928">
     <span class='ocr_line' id='line_1_16' title="bbox 224 1760 1190 1839; baseline 0.004 -21"><span class='ocrx_word' id='word_1_129' title='bbox 224 1761 404 1839; x_wconf 87' lang='lat' dir='ltr'><strong>prudentiam</strong></span> <span class='ocrx_word' id='word_1_130' title='bbox 431 1761 569 1838; x_wconf 85' lang='lat' dir='ltr'><strong>ponimus,</strong></span> <span class='ocrx_word' id='word_1_131' title='bbox 590 1760 663 1816; x_wconf 88' lang='lat' dir='ltr'><strong>inest</strong></span> <span class='ocrx_word' id='word_1_132' title='bbox 687 1760 831 1837; x_wconf 87' lang='lat' dir='ltr'><strong>indagatio</strong></span> <span class='ocrx_word' id='word_1_133' title='bbox 855 1767 942 1837; x_wconf 88' lang='lat' dir='ltr'><strong>etque</strong></span> <span class='ocrx_word' id='word_1_134' title='bbox 968 1761 1091 1820; x_wconf 89' lang='lat' dir='ltr'><strong>inventio</strong></span> <span class='ocrx_word' id='word_1_135' title='bbox 1111 1762 1190 1829; x_wconf 87' lang='lat' dir='ltr'><strong>veri;</strong></span> 
     </span>
     <span class='ocr_line' id='line_1_17' title="bbox 189 1849 1191 1928; baseline -0.002 -18"><span class='ocrx_word' id='word_1_136' title='bbox 189 1855 209 1910; x_wconf 83' lang='lat'>4</span> <span class='ocrx_word' id='word_1_137' title='bbox 223 1851 341 1928; x_wconf 88' lang='lat' dir='ltr'><strong>ejusque</strong></span> <span class='ocrx_word' id='word_1_138' title='bbox 355 1849 465 1908; x_wconf 86' lang='lat' dir='ltr'><strong>virtutis</strong></span> <span class='ocrx_word' id='word_1_139' title='bbox 479 1849 533 1906; x_wconf 90' lang='lat' dir='ltr'><strong>hoc</strong></span> <span class='ocrx_word' id='word_1_140' title='bbox 548 1868 651 1906; x_wconf 91' lang='lat' dir='ltr'><strong>munus</strong></span> <span class='ocrx_word' id='word_1_141' title='bbox 664 1857 709 1906; x_wconf 90' lang='lat' dir='ltr'><strong>est</strong></span> <span class='ocrx_word' id='word_1_142' title='bbox 723 1849 877 1925; x_wconf 91' lang='lat' dir='ltr'><strong>proprium.</strong></span> <span class='ocrx_word' id='word_1_143' title='bbox 919 1849 960 1906; x_wconf 90' lang='lat' dir='ltr'><strong>Ut</strong></span> <span class='ocrx_word' id='word_1_144' title='bbox 981 1850 1191 1926; x_wconf 60' lang='lat' dir='ltr'><strong>cnim‘quisque</strong></span> 
     </span>
    </p>
   </div>
   <div class='ocr_carea' id='block_1_8' title="bbox 222 1937 1299 2104">
    <p class='ocr_par' dir='ltr' id='par_1_8' title="bbox 222 1937 1299 2104">
     <span class='ocr_line' id='line_1_18' title="bbox 222 1937 1299 2016; baseline 0.002 -20"><span class='ocrx_word' id='word_1_145' title='bbox 222 1938 342 1996; x_wconf 84' lang='lat' dir='ltr'><strong>maxime</strong></span> <span class='ocrx_word' id='word_1_146' title='bbox 363 1937 506 2014; x_wconf 79' lang='lat' dir='ltr'><strong>perspicit,</strong></span> <span class='ocrx_word' id='word_1_147' title='bbox 521 1938 590 2013; x_wconf 92' lang='lat' dir='ltr'><strong>quid</strong></span> <span class='ocrx_word' id='word_1_148' title='bbox 610 1938 639 1996; x_wconf 91' lang='lat' dir='ltr'><strong>in</strong></span> <span class='ocrx_word' id='word_1_149' title='bbox 652 1956 683 1994; x_wconf 87' lang='lat' dir='ltr'><strong>re</strong></span> <span class='ocrx_word' id='word_1_150' title='bbox 703 1957 815 2014; x_wconf 91' lang='lat' dir='ltr'><strong>quaque</strong></span> <span class='ocrx_word' id='word_1_151' title='bbox 825 1938 1010 1999; x_wconf 74' lang='lat' dir='ltr'><strong>,verissimum</strong></span> <span class='ocrx_word' id='word_1_152' title='bbox 1023 1939 1068 2006; x_wconf 87' lang='lat' dir='ltr'><strong>sit,</strong></span> <span class='ocrx_word' id='word_1_153' title='bbox 1083 1940 1191 2016; x_wconf 79' lang='lat' dir='ltr'><strong>quique</strong></span> <span class='ocrx_word' id='word_1_154' title='bbox 1298 1953 1299 1958; x_wconf 78' lang='grc'>’</span> 
     </span>
     <span class='ocr_line' id='line_1_19' title="bbox 222 2027 1299 2104; baseline 0.001 -18"><span class='ocrx_word' id='word_1_155' title='bbox 222 2027 381 2086; x_wconf 84' lang='lat' dir='ltr'><strong>acutissime</strong></span> <span class='ocrx_word' id='word_1_156' title='bbox 392 2033 421 2084; x_wconf 88' lang='lat' dir='ltr'><strong>et</strong></span> <span class='ocrx_word' id='word_1_157' title='bbox 430 2027 573 2085; x_wconf 89' lang='lat' dir='ltr'><strong>celerrime</strong></span> <span class='ocrx_word' id='word_1_158' title='bbox 584 2036 680 2104; x_wconf 87' lang='lat' dir='ltr'><strong>potest</strong></span> <span class='ocrx_word' id='word_1_159' title='bbox 691 2035 721 2084; x_wconf 89' lang='lat' dir='ltr'><strong>et</strong></span> <span class='ocrx_word' id='word_1_160' title='bbox 736 2028 831 2085; x_wconf 90' lang='lat' dir='ltr'><strong>videre</strong></span> <span class='ocrx_word' id='word_1_161' title='bbox 842 2036 871 2086; x_wconf 86' lang='lat' dir='ltr'><strong>et</strong></span> <span class='ocrx_word' id='word_1_162' title='bbox 882 2027 1022 2104; x_wconf 84' lang='lat' dir='ltr'><strong>explicare</strong></span> <span class='ocrx_word' id='word_1_163' title='bbox 1033 2028 1170 2088; x_wconf 86' lang='lat' dir='ltr'><strong>rationem</strong></span> <span class='ocrx_word' id='word_1_164' title='bbox 1181 2049 1190 2098; x_wconf 86' lang='lat'>;</span> <span class='ocrx_word' id='word_1_165' title='bbox 1298 2061 1299 2076; x_wconf 79' lang='lat'><strong>.</strong></span> 
     </span>
    </p>
   </div>
   <div class='ocr_carea' id='block_1_9' title="bbox 191 2117 1189 2463">
    <p class='ocr_par' dir='ltr' id='par_1_9' title="bbox 191 2117 1189 2463">
     <span class='ocr_line' id='line_1_20' title="bbox 191 2117 1189 2194; baseline 0.002 -18"><span class='ocrx_word' id='word_1_166' title='bbox 191 2117 246 2177; x_wconf 77' lang='lat' dir='ltr'><strong>tis</strong></span> <span class='ocrx_word' id='word_1_167' title='bbox 266 2117 499 2194; x_wconf 84' lang='lat' dir='ltr'><strong>prudentissimus</strong></span> <span class='ocrx_word' id='word_1_168' title='bbox 513 2127 542 2175; x_wconf 86' lang='lat' dir='ltr'><strong>et</strong></span> <span class='ocrx_word' id='word_1_169' title='bbox 556 2117 780 2194; x_wconf 86' lang='lat' dir='ltr'><strong>sapientissimus</strong></span> <span class='ocrx_word' id='word_1_170' title='bbox 795 2117 847 2174; x_wconf 89' lang='lat' dir='ltr'><strong>rite</strong></span> <span class='ocrx_word' id='word_1_171' title='bbox 868 2117 966 2177; x_wconf 87' lang='lat' dir='ltr'><strong>haberi</strong></span> <span class='ocrx_word' id='word_1_172' title='bbox 986 2118 1066 2178; x_wconf 88' lang='lat' dir='ltr'><strong>solet</strong></span> <span class='ocrx_word' id='word_1_173' title='bbox 1109 2119 1189 2188; x_wconf 82' lang='lat' dir='ltr'><strong>Quo-</strong></span> 
     </span>
     <span class='ocr_line' id='line_1_21' title="bbox 223 2206 1187 2284; baseline 0.002 -20"><span class='ocrx_word' id='word_1_174' title='bbox 223 2206 295 2264; x_wconf 86' lang='lat' dir='ltr'><strong>circa</strong></span> <span class='ocrx_word' id='word_1_175' title='bbox 315 2206 388 2272; x_wconf 89' lang='lat' dir='ltr'><strong>huic,</strong></span> <span class='ocrx_word' id='word_1_176' title='bbox 409 2206 489 2282; x_wconf 87' lang='lat' dir='ltr'><strong>quasi</strong></span> <span class='ocrx_word' id='word_1_177' title='bbox 508 2207 633 2273; x_wconf 88' lang='lat' dir='ltr'><strong>materia,</strong></span> <span class='ocrx_word' id='word_1_178' title='bbox 648 2227 734 2283; x_wconf 89' lang='lat' dir='ltr'><strong>quam</strong></span> <span class='ocrx_word' id='word_1_179' title='bbox 757 2214 859 2264; x_wconf 87' lang='lat' dir='ltr'><strong>tractet</strong></span> <span class='ocrx_word' id='word_1_180' title='bbox 879 2208 956 2264; x_wconf 91' lang='lat' dir='ltr'><strong>etin</strong></span> <span class='ocrx_word' id='word_1_181' title='bbox 976 2227 1033 2284; x_wconf 91' lang='lat' dir='ltr'><strong>qua</strong></span> <span class='ocrx_word' id='word_1_182' title='bbox 1051 2218 1187 2280; x_wconf 89' lang='lat' dir='ltr'><strong>versetur,</strong></span> 
     </span>
     <span class='ocr_line' id='line_1_22' title="bbox 223 2294 1188 2373; baseline 0.004 -21"><span class='ocrx_word' id='word_1_183' title='bbox 223 2295 352 2371; x_wconf 88' lang='lat' dir='ltr'><strong>subjecta</strong></span> <span class='ocrx_word' id='word_1_184' title='bbox 362 2303 410 2352; x_wconf 85' lang='lat' dir='ltr'><strong>est</strong></span> <span class='ocrx_word' id='word_1_185' title='bbox 422 2294 533 2354; x_wconf 87' lang='lat' dir='ltr'><strong>veritas.</strong></span> <span class='ocrx_word' id='word_1_186' title='bbox 569 2296 694 2373; x_wconf 84' lang='lat' dir='ltr'><strong>Reliquis</strong></span> <span class='ocrx_word' id='word_1_187' title='bbox 709 2303 805 2354; x_wconf 88' lang='lat' dir='ltr'><strong>autem</strong></span> <span class='ocrx_word' id='word_1_188' title='bbox 818 2295 909 2352; x_wconf 89' lang='lat' dir='ltr'><strong>tribus</strong></span> <span class='ocrx_word' id='word_1_189' title='bbox 924 2296 1077 2356; x_wconf 83' lang='lat' dir='ltr'><strong>virtutibus</strong></span> <span class='ocrx_word' id='word_1_190' title='bbox 1091 2317 1188 2356; x_wconf 86' lang='lat' dir='ltr'><strong>neces-</strong></span> 
     </span>
     <span class='ocr_line' id='line_1_23' title="bbox 222 2384 1187 2463; baseline 0.003 -21"><span class='ocrx_word' id='word_1_191' title='bbox 222 2384 319 2442; x_wconf 84' lang='lat' dir='ltr'><strong>sitates</strong></span> <span class='ocrx_word' id='word_1_192' title='bbox 339 2385 493 2461; x_wconf 73' lang='lat' dir='ltr'><strong>propositae</strong></span> <span class='ocrx_word' id='word_1_193' title='bbox 515 2385 632 2443; x_wconf 88' lang='lat' dir='ltr'><strong>suntad</strong></span> <span class='ocrx_word' id='word_1_194' title='bbox 647 2404 694 2442; x_wconf 89' lang='lat' dir='ltr'><strong>eas</strong></span> <span class='ocrx_word' id='word_1_195' title='bbox 708 2404 753 2442; x_wconf 88' lang='lat' dir='ltr'><strong>res</strong></span> <span class='ocrx_word' id='word_1_196' title='bbox 767 2384 908 2461; x_wconf 90' lang='lat' dir='ltr'><strong>parandas</strong></span> <span class='ocrx_word' id='word_1_197' title='bbox 921 2386 1108 2462; x_wconf 88' lang='lat' dir='ltr'><strong>tuendasque,</strong></span> <span class='ocrx_word' id='word_1_198' title='bbox 1123 2388 1187 2463; x_wconf 92' lang='lat' dir='ltr'><strong>qui·</strong></span> 
     </span>
    </p>
   </div>
   <div class='ocr_carea' id='block_1_10' title="bbox 223 2471 1299 2553">
    <p class='ocr_par' dir='ltr' id='par_1_10' title="bbox 223 2471 1299 2553">
     <span class='ocr_line' id='line_1_24' title="bbox 223 2471 1299 2553; baseline 0.002 -21"><span class='ocrx_word' id='word_1_199' title='bbox 223 2473 276 2532; x_wconf 90' lang='lat' dir='ltr'><strong>bus</strong></span> <span class='ocrx_word' id='word_1_200' title='bbox 291 2473 364 2530; x_wconf 89' lang='lat' dir='ltr'><strong>actio</strong></span> <span class='ocrx_word' id='word_1_201' title='bbox 378 2474 445 2532; x_wconf 85' lang='lat' dir='ltr'><strong>vitae</strong></span> <span class='ocrx_word' id='word_1_202' title='bbox 470 2475 645 2541; x_wconf 91' lang='lat' dir='ltr'><strong>continetur;</strong></span> <span class='ocrx_word' id='word_1_203' title='bbox 666 2480 699 2532; x_wconf 88' lang='lat' dir='ltr'><strong>ut</strong></span> <span class='ocrx_word' id='word_1_204' title='bbox 713 2482 743 2531; x_wconf 90' lang='lat' dir='ltr'><strong>et</strong></span> <span class='ocrx_word' id='word_1_205' title='bbox 757 2473 878 2531; x_wconf 90' lang='lat' dir='ltr'><strong>societas</strong></span> <span class='ocrx_word' id='word_1_206' title='bbox 894 2473 1038 2532; x_wconf 89' lang='lat' dir='ltr'><strong>hominum</strong></span> <span class='ocrx_word' id='word_1_207' title='bbox 1052 2476 1188 2553; x_wconf 90' lang='lat' dir='ltr'><strong>conjunc·</strong></span> <span class='ocrx_word' id='word_1_208' title='bbox 1298 2471 1299 2474; x_wconf 44' lang='lat'>&#39;</span> 
     </span>
    </p>
   </div>
   <div class='ocr_carea' id='block_1_11' title="bbox 190 2561 1188 3246">
    <p class='ocr_par' dir='ltr' id='par_1_11' title="bbox 222 2561 1188 2729">
     <span class='ocr_line' id='line_1_25' title="bbox 222 2561 1188 2640; baseline 0.005 -22"><span class='ocrx_word' id='word_1_209' title='bbox 222 2561 318 2638; x_wconf 91' lang='lat' dir='ltr'><strong>tioque</strong></span> <span class='ocrx_word' id='word_1_210' title='bbox 332 2570 476 2628; x_wconf 88' lang='lat' dir='ltr'><strong>servetur;</strong></span> <span class='ocrx_word' id='word_1_211' title='bbox 500 2569 529 2618; x_wconf 93' lang='lat' dir='ltr'><strong>et</strong></span> <span class='ocrx_word' id='word_1_212' title='bbox 549 2563 632 2620; x_wconf 89' lang='lat' dir='ltr'><strong>animi</strong></span> <span class='ocrx_word' id='word_1_213' title='bbox 646 2562 811 2620; x_wconf 85' lang='lat' dir='ltr'><strong>excellentia</strong></span> <span class='ocrx_word' id='word_1_214' title='bbox 831 2562 1064 2640; x_wconf 83' lang='lat' dir='ltr'><strong>magnitudoque,</strong></span> <span class='ocrx_word' id='word_1_215' title='bbox 1079 2583 1144 2621; x_wconf 90' lang='lat' dir='ltr'><strong>cum</strong></span> <span class='ocrx_word' id='word_1_216' title='bbox 1158 2564 1188 2624; x_wconf 88' lang='lat' dir='ltr'><strong>in</strong></span> 
     </span>
     <span class='ocr_line' id='line_1_26' title="bbox 223 2651 1187 2729; baseline 0.004 -22"><span class='ocrx_word' id='word_1_217' title='bbox 223 2651 360 2728; x_wconf 80' lang='lat' dir='ltr'><strong>augendis</strong></span> <span class='ocrx_word' id='word_1_218' title='bbox 370 2651 482 2727; x_wconf 88' lang='lat' dir='ltr'><strong>opibus</strong></span> <span class='ocrx_word' id='word_1_219' title='bbox 496 2651 721 2727; x_wconf 86' lang='lat' dir='ltr'><strong>utilitatibusque</strong></span> <span class='ocrx_word' id='word_1_220' title='bbox 741 2659 770 2708; x_wconf 89' lang='lat' dir='ltr'><strong>et</strong></span> <span class='ocrx_word' id='word_1_221' title='bbox 784 2651 839 2708; x_wconf 87' lang='lat' dir='ltr'><strong>sibi</strong></span> <span class='ocrx_word' id='word_1_222' title='bbox 859 2659 888 2708; x_wconf 89' lang='lat' dir='ltr'><strong>et</strong></span> <span class='ocrx_word' id='word_1_223' title='bbox 907 2652 965 2710; x_wconf 85' lang='lat' dir='ltr'><strong>suis</strong></span> <span class='ocrx_word' id='word_1_224' title='bbox 979 2654 1187 2729; x_wconf 85' lang='lat' dir='ltr'><strong>comparandis,</strong></span> 
     </span>
    </p>

    <p class='ocr_par' dir='ltr' id='par_1_12' title="bbox 190 2739 1186 3246">
     <span class='ocr_line' id='line_1_27' title="bbox 190 2739 1186 2822; baseline 0.003 -24"><span class='ocrx_word' id='word_1_225' title='bbox 190 2745 285 2798; x_wconf 76' lang='lat' dir='ltr'><strong>titum</strong></span> <span class='ocrx_word' id='word_1_226' title='bbox 304 2739 393 2796; x_wconf 92' lang='lat' dir='ltr'><strong>multo</strong></span> <span class='ocrx_word' id='word_1_227' title='bbox 414 2739 504 2816; x_wconf 87' lang='lat' dir='ltr'><strong>magis</strong></span> <span class='ocrx_word' id='word_1_228' title='bbox 523 2740 552 2796; x_wconf 93' lang='lat' dir='ltr'><strong>in</strong></span> <span class='ocrx_word' id='word_1_229' title='bbox 572 2739 615 2796; x_wconf 86' lang='lat' dir='ltr'><strong>his</strong></span> <span class='ocrx_word' id='word_1_230' title='bbox 636 2740 704 2816; x_wconf 86' lang='lat' dir='ltr'><strong>ipsis</strong></span> <span class='ocrx_word' id='word_1_231' title='bbox 728 2739 923 2817; x_wconf 86' lang='lat' dir='ltr'><strong>despiciendis,</strong></span> <span class='ocrx_word' id='word_1_232' title='bbox 945 2741 1063 2814; x_wconf 77' lang='lat' dir='ltr'><strong>eluceat.</strong></span> <span class='ocrx_word' id='word_1_233' title='bbox 1106 2742 1186 2822; x_wconf 72' lang='lat' dir='ltr'><strong>Ordo</strong></span> 
     </span>
     <span class='ocr_line' id='line_1_28' title="bbox 222 2827 1186 2905; baseline 0.005 -21"><span class='ocrx_word' id='word_1_234' title='bbox 222 2834 327 2893; x_wconf 89' lang='lat' dir='ltr'><strong>autem,</strong></span> <span class='ocrx_word' id='word_1_235' title='bbox 342 2834 372 2884; x_wconf 89' lang='lat' dir='ltr'><strong>et</strong></span> <span class='ocrx_word' id='word_1_236' title='bbox 385 2827 548 2894; x_wconf 86' lang='lat' dir='ltr'><strong>constantia,</strong></span> <span class='ocrx_word' id='word_1_237' title='bbox 564 2835 593 2886; x_wconf 92' lang='lat' dir='ltr'><strong>et</strong></span> <span class='ocrx_word' id='word_1_238' title='bbox 606 2829 770 2897; x_wconf 89' lang='lat' dir='ltr'><strong>moderatio,</strong></span> <span class='ocrx_word' id='word_1_239' title='bbox 786 2837 815 2886; x_wconf 93' lang='lat' dir='ltr'><strong>et</strong></span> <span class='ocrx_word' id='word_1_240' title='bbox 826 2848 868 2896; x_wconf 87' lang='lat' dir='ltr'><strong>ea,</strong></span> <span class='ocrx_word' id='word_1_241' title='bbox 882 2849 948 2905; x_wconf 88' lang='lat' dir='ltr'><strong>quae</strong></span> <span class='ocrx_word' id='word_1_242' title='bbox 964 2837 1030 2888; x_wconf 89' lang='lat' dir='ltr'><strong>sunt</strong></span> <span class='ocrx_word' id='word_1_243' title='bbox 1053 2830 1098 2888; x_wconf 88' lang='lat' dir='ltr'><strong>his</strong></span> <span class='ocrx_word' id='word_1_244' title='bbox 1111 2831 1186 2889; x_wconf 89' lang='lat' dir='ltr'><strong>simi·</strong></span> 
     </span>
     <span class='ocr_line' id='line_1_29' title="bbox 222 2916 1186 2996; baseline 0.003 -22"><span class='ocrx_word' id='word_1_245' title='bbox 222 2916 268 2983; x_wconf 90' lang='lat' dir='ltr'><strong>lia,</strong></span> <span class='ocrx_word' id='word_1_246' title='bbox 289 2923 438 2972; x_wconf 83' lang='lat' dir='ltr'><strong>versantur</strong></span> <span class='ocrx_word' id='word_1_247' title='bbox 464 2916 492 2974; x_wconf 90' lang='lat' dir='ltr'><strong>in</strong></span> <span class='ocrx_word' id='word_1_248' title='bbox 512 2935 547 2974; x_wconf 89' lang='lat' dir='ltr'><strong>eo</strong></span> <span class='ocrx_word' id='word_1_249' title='bbox 574 2936 686 2995; x_wconf 86' lang='lat' dir='ltr'><strong>genere,</strong></span> <span class='ocrx_word' id='word_1_250' title='bbox 708 2918 745 2976; x_wconf 87' lang='lat' dir='ltr'><strong>ad</strong></span> <span class='ocrx_word' id='word_1_251' title='bbox 769 2918 846 2996; x_wconf 90' lang='lat' dir='ltr'><strong>quod</strong></span> <span class='ocrx_word' id='word_1_252' title='bbox 867 2926 910 2975; x_wconf 87' lang='lat' dir='ltr'><strong>est</strong></span> <span class='ocrx_word' id='word_1_253' title='bbox 930 2919 1091 2976; x_wconf 84' lang='lat' dir='ltr'><strong>adhibenda</strong></span> <span class='ocrx_word' id='word_1_254' title='bbox 1111 2921 1186 2978; x_wconf 85' lang='lat' dir='ltr'><strong>actio</strong></span> 
     </span>
     <span class='ocr_line' id='line_1_30' title="bbox 222 3005 1186 3086; baseline 0.006 -25"><span class='ocrx_word' id='word_1_255' title='bbox 222 3005 365 3083; x_wconf 80' lang='lat' dir='ltr'><strong>qnaedam,</strong></span> <span class='ocrx_word' id='word_1_256' title='bbox 380 3025 436 3062; x_wconf 91' lang='lat' dir='ltr'><strong>non</strong></span> <span class='ocrx_word' id='word_1_257' title='bbox 449 3005 548 3064; x_wconf 84' lang='lat' dir='ltr'><strong>-solum</strong></span> <span class='ocrx_word' id='word_1_258' title='bbox 561 3007 664 3066; x_wconf 87' lang='lat' dir='ltr'><strong>mentis</strong></span> <span class='ocrx_word' id='word_1_259' title='bbox 677 3008 801 3086; x_wconf 85' lang='lat' dir='ltr'><strong>agitatio.</strong></span> <span class='ocrx_word' id='word_1_260' title='bbox 844 3007 897 3064; x_wconf 94' lang='lat' dir='ltr'><strong>His</strong></span> <span class='ocrx_word' id='word_1_261' title='bbox 918 3007 992 3065; x_wconf 88' lang='lat' dir='ltr'><strong>enim</strong></span> <span class='ocrx_word' id='word_1_262' title='bbox 1012 3008 1106 3076; x_wconf 85' lang='lat' dir='ltr'><strong>rebus,</strong></span> <span class='ocrx_word' id='word_1_263' title='bbox 1121 3027 1186 3086; x_wconf 71' lang='lat' dir='ltr'><strong>quaa</strong></span> 
     </span>
     <span class='ocr_line' id='line_1_31' title="bbox 223 3094 1185 3174; baseline 0.006 -24"><span class='ocrx_word' id='word_1_264' title='bbox 223 3100 381 3152; x_wconf 87' lang='lat' dir='ltr'><strong>tractantur</strong></span> <span class='ocrx_word' id='word_1_265' title='bbox 399 3094 428 3152; x_wconf 91' lang='lat' dir='ltr'><strong>in</strong></span> <span class='ocrx_word' id='word_1_266' title='bbox 447 3095 514 3162; x_wconf 83' lang='lat' dir='ltr'><strong>vita,</strong></span> <span class='ocrx_word' id='word_1_267' title='bbox 529 3096 647 3155; x_wconf 90' lang='lat' dir='ltr'><strong>modum</strong></span> <span class='ocrx_word' id='word_1_268' title='bbox 667 3098 810 3174; x_wconf 86' lang='lat' dir='ltr'><strong>quendam</strong></span> <span class='ocrx_word' id='word_1_269' title='bbox 823 3104 853 3156; x_wconf 86' lang='lat' dir='ltr'><strong>et</strong></span> <span class='ocrx_word' id='word_1_270' title='bbox 866 3096 994 3156; x_wconf 86' lang='lat' dir='ltr'><strong>ordinem</strong></span> <span class='ocrx_word' id='word_1_271' title='bbox 1008 3097 1185 3174; x_wconf 83' lang='lat' dir='ltr'><strong>adhibentes,</strong></span> 
     </span>
     <span class='ocr_line' id='line_1_32' title="bbox 222 3182 793 3246; baseline 0.007 -6"><span class='ocrx_word' id='word_1_272' title='bbox 222 3182 400 3240; x_wconf 88' lang='lat' dir='ltr'><strong>honestatem</strong></span> <span class='ocrx_word' id='word_1_273' title='bbox 413 3189 443 3240; x_wconf 91' lang='lat' dir='ltr'><strong>et</strong></span> <span class='ocrx_word' id='word_1_274' title='bbox 456 3184 544 3242; x_wconf 91' lang='lat' dir='ltr'><strong>decus</strong></span> <span class='ocrx_word' id='word_1_275' title='bbox 557 3187 793 3246; x_wconf 87' lang='lat' dir='ltr'><strong>conservabimus.</strong></span> 
     </span>
    </p>
   </div>
   <div class='ocr_carea' id='block_1_12' title="bbox 191 3358 1185 3707">
    <p class='ocr_par' dir='ltr' id='par_1_13' title="bbox 191 3358 1185 3707">
     <span class='ocr_line' id='line_1_33' title="bbox 261 3358 1185 3441; baseline 0.008 -26"><span class='ocrx_word' id='word_1_276' title='bbox 261 3358 316 3417; x_wconf 86' lang='lat' dir='ltr'><strong>VI.</strong></span> <span class='ocrx_word' id='word_1_277' title='bbox 330 3359 375 3416; x_wconf 88' lang='lat' dir='ltr'><strong>Ex</strong></span> <span class='ocrx_word' id='word_1_278' title='bbox 383 3367 519 3437; x_wconf 88' lang='lat' dir='ltr'><strong>quattuor</strong></span> <span class='ocrx_word' id='word_1_279' title='bbox 532 3368 628 3420; x_wconf 85' lang='lat' dir='ltr'><strong>autem</strong></span> <span class='ocrx_word' id='word_1_280' title='bbox 637 3362 715 3430; x_wconf 89' lang='lat' dir='ltr'><strong>locis,</strong></span> <span class='ocrx_word' id='word_1_281' title='bbox 730 3363 758 3420; x_wconf 93' lang='lat' dir='ltr'><strong>in</strong></span> <span class='ocrx_word' id='word_1_282' title='bbox 767 3380 840 3439; x_wconf 88' lang='lat' dir='ltr'><strong>quos</strong></span> <span class='ocrx_word' id='word_1_283' title='bbox 849 3359 960 3418; x_wconf 87' lang='lat' dir='ltr'><strong>honesti</strong></span> <span class='ocrx_word' id='word_1_284' title='bbox 973 3365 1105 3441; x_wconf 85' lang='lat' dir='ltr'><strong>naturam</strong></span> <span class='ocrx_word' id='word_1_285' title='bbox 1116 3364 1185 3422; x_wconf 85' lang='lat' dir='ltr'><strong>vim-</strong></span> 
     </span>
     <span class='ocr_line' id='line_1_34' title="bbox 222 3447 1184 3527; baseline 0.007 -22"><span class='ocrx_word' id='word_1_286' title='bbox 222 3467 279 3524; x_wconf 91' lang='lat' dir='ltr'><strong>que</strong></span> <span class='ocrx_word' id='word_1_287' title='bbox 299 3447 452 3514; x_wconf 89' lang='lat' dir='ltr'><strong>divisimus,</strong></span> <span class='ocrx_word' id='word_1_288' title='bbox 467 3451 576 3527; x_wconf 90' lang='lat' dir='ltr'><strong>primus</strong></span> <span class='ocrx_word' id='word_1_289' title='bbox 596 3451 651 3518; x_wconf 89' lang='lat' dir='ltr'><strong>ille,</strong></span> <span class='ocrx_word' id='word_1_290' title='bbox 667 3451 715 3527; x_wconf 91' lang='lat' dir='ltr'><strong>qui</strong></span> <span class='ocrx_word' id='word_1_291' title='bbox 733 3452 761 3508; x_wconf 94' lang='lat' dir='ltr'><strong>in</strong></span> <span class='ocrx_word' id='word_1_292' title='bbox 781 3449 857 3508; x_wconf 85' lang='lat' dir='ltr'><strong>veri</strong></span> <span class='ocrx_word' id='word_1_293' title='bbox 887 3448 1098 3526; x_wconf 87' lang='lat' dir='ltr'><strong>cognitione</strong></span> <span class='ocrx_word' id='word_1_294' title='bbox 1120 3472 1184 3512; x_wconf 91' lang='lat' dir='ltr'><strong>con·</strong></span> 
     </span>
     <span class='ocr_line' id='line_1_35' title="bbox 191 3537 1184 3616; baseline 0.007 -21"><span class='ocrx_word' id='word_1_295' title='bbox 191 3537 307 3604; x_wconf 57' lang='lat' dir='ltr'><strong>haistiti</strong></span> <span class='ocrx_word' id='word_1_296' title='bbox 329 3537 451 3596; x_wconf 83' lang='lat' dir='ltr'><strong>maxime</strong></span> <span class='ocrx_word' id='word_1_297' title='bbox 471 3546 602 3596; x_wconf 88' lang='lat' dir='ltr'><strong>naturam</strong></span> <span class='ocrx_word' id='word_1_298' title='bbox 625 3539 741 3616; x_wconf 82' lang='lat' dir='ltr'><strong>attingit</strong></span> <span class='ocrx_word' id='word_1_299' title='bbox 763 3540 926 3596; x_wconf 88' lang='lat' dir='ltr'><strong>humanam.</strong></span> <span class='ocrx_word' id='word_1_300' title='bbox 980 3537 1087 3598; x_wconf 90' lang='lat' dir='ltr'><strong>Omnes</strong></span> <span class='ocrx_word' id='word_1_301' title='bbox 1110 3542 1184 3602; x_wconf 88' lang='lat' dir='ltr'><strong>enim</strong></span> 
     </span>
     <span class='ocr_line' id='line_1_36' title="bbox 223 3625 1183 3707; baseline 0.004 -21"><span class='ocrx_word' id='word_1_302' title='bbox 223 3625 362 3686; x_wconf 82' lang='lat' dir='ltr'><strong>trahimur</strong></span> <span class='ocrx_word' id='word_1_303' title='bbox 375 3633 405 3686; x_wconf 88' lang='lat' dir='ltr'><strong>et</strong></span> <span class='ocrx_word' id='word_1_304' title='bbox 418 3625 548 3688; x_wconf 85' lang='lat' dir='ltr'><strong>ducimur</strong></span> <span class='ocrx_word' id='word_1_305' title='bbox 560 3628 599 3688; x_wconf 90' lang='lat' dir='ltr'><strong>ad</strong></span> <span class='ocrx_word' id='word_1_306' title='bbox 613 3627 780 3706; x_wconf 79' lang='lat' dir='ltr'><strong>cognitionis</strong></span> <span class='ocrx_word' id='word_1_307' title='bbox 794 3633 824 3685; x_wconf 90' lang='lat' dir='ltr'><strong>et</strong></span> <span class='ocrx_word' id='word_1_308' title='bbox 843 3625 966 3686; x_wconf 80' lang='lat' dir='ltr'><strong>scientia</strong></span> <span class='ocrx_word' id='word_1_309' title='bbox 990 3629 1183 3707; x_wconf 85' lang='lat' dir='ltr'><strong>cupiditatem,</strong></span> 
     </span>
    </p>
   </div>
   <div class='ocr_carea' id='block_1_13' title="bbox 0 0 1328 4288">
    <p class='ocr_par' dir='ltr' id='par_1_14' title="bbox 0 0 1328 4288">
     <span class='ocr_line' id='line_1_37' title="bbox 0 0 1328 4288; baseline 0 2"><span class='ocrx_word' id='word_1_310' title='bbox 0 0 1328 4288; x_wconf 95' lang='lat' dir='ltr'><strong> </strong></span> 
     </span>
    </p>
   </div>
  </div>
 </body>
</html>
