2648 4288
417 409 502 449 mana
515 411 534 452 1.
575 411 641 452 car.
656 410 714 450 xxr.
1042 393 1080 450 20

91 535 138 614 rita
150 537 367 606 accensorum
387 539 558 598 fructuosior
571 546 668 596 autem
681 538 827 597 bominum
840 537 938 616 generi
948 543 979 595 et
991 535 1030 594 ad

91 626 226 683 claritatem
243 627 513 705 amplitudinemque
537 628 629 704 aptior
656 647 762 696 eorum,
784 629 833 704 qui
856 645 887 686 se
910 627 948 684 ad
968 643 1029 684 rem

91 715 250 791 publicamet
260 716 297 772 ad
307 735 426 794 magnas
436 736 481 774 res
488 717 628 794 gerendas
637 717 931 775 accommodaverunt.
953 717 1061 784 Qua-a

91 811 191 880 propter
210 812 238 862 et
258 805 292 862 iis
312 805 430 864 forsitan
444 805 658 864 eoncedendum
678 806 715 864 sit
735 825 795 862 rem
815 807 959 882 publicam
972 823 1029 862 non

91 894 287 970 apessentibus,
302 895 352 971 qui
373 895 521 953 excellenti
543 894 657 973 ingenio
676 895 811 953 doctrinm
830 913 892 952 seso
913 893 1029 952 dedide-

91 989 157 1040 unt:
177 983 255 1050 otiis,
270 983 319 1060 qui
331 991 382 1041 aut
394 984 563 1042 valetudinis
582 985 763 1044 imbecilitate
784 993 834 1042 aut
851 985 944 1062 aliqua
963 1001 1028 1064 gra·

91 1072 149 1130 iore
161 1091 242 1131 causa
254 1073 383 1151 impediti
403 1092 420 1130 a
437 1091 469 1140 re
490 1075 604 1152 publica
621 1081 807 1141 recesserunt,
823 1094 888 1132 oum
902 1075 964 1152 ejus
978 1073 1028 1132 ad-

91 1162 258 1220 ninistrandoe
271 1169 444 1239 potestatem
458 1163 519 1220 aliis
539 1164 710 1240 laudemque
724 1163 920 1221 concederent.
961 1163 1028 1232 Qui·
1042 1167 1061 1221 4

91 1270 126 1307 us
139 1259 231 1308 autem
244 1251 309 1308 talis
323 1251 401 1308 nulla
413 1251 452 1308 sit
465 1270 558 1320 causa,
568 1253 592 1309 si
602 1253 748 1328 despicere
761 1271 792 1308 se
806 1252 901 1309 dicant
911 1271 952 1318 ea,
964 1270 1029 1329 quae

91 1340 196 1416 leuique
214 1340 359 1406 nubentur,
374 1340 494 1416 imperia
508 1347 537 1396 et
551 1341 742 1418 magistratus,
757 1341 789 1398 its
803 1359 859 1397 non
873 1341 960 1398 modo
972 1359 1030 1398 non

91 1428 268 1495 audiveram
288 1428 374 1486 etiam
386 1429 455 1486 vitio
475 1429 601 1486 dandum
622 1435 701 1507 puto.
742 1430 871 1498 Quorum
889 1429 1060 1506 judicium5

91 1537 100 1573 1
113 1536 154 1584 eo,
169 1517 245 1594 qnod
258 1517 378 1596 gloriam
392 1525 576 1576 contemnant
588 1525 617 1576 et
630 1537 683 1595 pro
696 1517 782 1577 nihilo
796 1525 906 1596 putent,
917 1519 1029 1578 difficile

91 1614 149 1664 retu
158 1613 201 1664 est
213 1625 270 1664 non
284 1609 420 1684 probare:
436 1609 486 1666 sed
495 1609 627 1666 videntur
640 1609 752 1666 labores
762 1615 792 1666 et
805 1609 957 1676 molestiae,
967 1617 1030 1668 tum

91 1697 252 1754 ffensionum
262 1703 291 1754 et
301 1697 478 1773 repulsarum
488 1698 569 1775 quasi
582 1699 725 1776 quandam
738 1698 919 1777 ignominiam
929 1699 1029 1756 timere

91 1795 97 1843 :
115 1787 267 1844 infamiam.
308 1786 383 1844 Sunt
397 1787 479 1855 enim,
494 1787 542 1864 qui
556 1788 584 1844 in
597 1789 683 1847 rebus
696 1789 841 1846 contrariis
861 1807 963 1866 parum
977 1787 1030 1845 sibi
1043 1791 1061 1846 6

91 1882 214 1934 ruam:
234 1876 411 1954 voluptatem
425 1877 600 1935 severimime
614 1884 804 1946 contemnant,
819 1877 959 1935 indolere
973 1877 1030 1936 sint

91 1966 224 2024 lolliores:
245 1966 366 2044 gloriam
386 1967 542 2045 negligant,
556 1967 724 2045 frangantur
742 1967 873 2024 infamia:
895 1974 981 2044 atque
995 1985 1030 2024 ea

91 2055 181 2112 uidem
200 2073 257 2112 non
271 2056 339 2114 satis
357 2063 527 2114 constanter.
568 2056 626 2113 Sed
640 2057 681 2122 iis,
696 2057 744 2133 qui
765 2057 871 2114 habent
891 2074 909 2112 a
928 2063 1030 2114 natura

91 2144 231 2220 ljumenta
244 2163 340 2202 renum
354 2146 552 2223 gerendarum,
564 2145 678 2222 abjecta
691 2145 768 2202 omni
781 2145 969 2211 cunctatione,
979 2144 1029 2202 ad·

91 2233 204 2290 rissendi
217 2235 402 2312 magistratus
415 2241 445 2292 et
458 2234 584 2312 gerenda
598 2253 643 2291 res
657 2221 772 2311 publida
785 2239 837 2291 est.
879 2233 941 2290 Nec
955 2233 1028 2290 enim

91 2323 145 2379 iter
158 2329 210 2380 aut
223 2324 286 2401 regi
300 2324 406 2390 civitas,
422 2331 472 2381 aut
486 2323 623 2380 declarari
642 2323 727 2380 animi
740 2321 907 2400 magnitudo
926 2329 1030 2399 potest.

91 2413 291 2489 apessentibus
304 2420 400 2471 autem
413 2431 474 2478 rem
495 2413 638 2489 publicam
658 2411 727 2468 nihil
747 2412 847 2477 minus,
862 2429 948 2487 quam
967 2411 1063 2488 phi-8
1158 2399 1164 2414 ”

91 2503 198 2579 sophis,
215 2502 295 2559 haud
317 2501 375 2560 scio
395 2519 432 2558 an
452 2502 543 2578 magis
565 2501 658 2568 etiam,
673 2507 703 2558 et
715 2499 924 2578 magnificentia
938 2507 967 2557 et
981 2500 1029 2557 de·

91 2592 212 2648 ›icientia
226 2591 389 2649 adhibenda
402 2591 438 2648 sit
451 2609 546 2648 rerum
559 2590 755 2656 humanarum,
767 2607 854 2666 qnam
869 2607 946 2666 saepe
957 2589 1029 2658 dico,

103 2681 297 2757 tranquillitas
318 2681 403 2738 animi
423 2687 508 2757 atque
522 2680 679 2742 securitas:
700 2679 724 2736 si
744 2678 860 2756 quidem
882 2697 934 2736 nec
956 2679 1030 2736 anxii

91 2772 149 2828 turi
173 2778 252 2838 sunt,
274 2777 389 2828 etcum
411 2770 550 2848 gravitate
575 2768 786 2846 constantiaque
807 2768 916 2826 victuri.
958 2769 1062 2837 Quat

91 2861 187 2918 uiliora
201 2868 270 2917 sunt
284 2859 468 2936 philosophis,
488 2879 545 2936 quo
563 2859 656 2916 minus
670 2859 761 2916 multa
775 2865 876 2936 patent
889 2858 917 2915 in
931 2877 1031 2916 eorum

91 2959 125 3017 ta,
142 2968 212 3027 quaa
231 2950 345 3007 fortuna
362 2949 499 3015 sedetet
517 2967 574 3025 quo
595 2949 686 3006 minus
706 2949 801 3006 multis
820 2949 906 3005 rebus
924 2954 1028 3024 egent:

106 3041 187 3116 quia,
204 3039 229 3096 si
254 3038 322 3115 quid
347 3038 458 3096 adversi
481 3038 600 3104 eveniat,
622 3044 683 3094 tam
705 3037 830 3116 graviter
853 3036 954 3094 cadere
974 3055 1032 3093 non

91 3137 191 3186 esunt,
236 3129 376 3198 Quocirca
389 3146 446 3184 non
459 3127 517 3184 sine
532 3145 617 3184 causa
630 3127 753 3204 majores
766 3133 861 3182 motus
875 3125 1031 3182 animorum
1047 3130 1084 3183 10

91 3220 252 3285 uastantur,
267 3217 415 3295 majorque
429 3216 567 3274 efficiendi
587 3233 655 3272 cura
668 3233 729 3272 rem
750 3215 894 3293 publicam
908 3215 1030 3292 gerenti·

91 3329 118 3375 s,
135 3327 230 3385 quam
246 3308 366 3385 quietis;
387 3325 445 3384 quo
466 3305 557 3384 magis
579 3305 623 3362 his
645 3312 674 3363 et
695 3304 864 3384 magnitudo
884 3311 928 3362 est
947 3303 1032 3362 animi

91 3397 228 3455 hibenda
242 3405 272 3454 et
283 3397 409 3455 vacuitas
423 3397 459 3454 ab
473 3395 634 3474 angoribus.
675 3393 726 3452 Ad
739 3414 800 3453 rem
814 3395 968 3472 gerendam
982 3411 1031 3449 au·
1047 3396 1082 3449 11

91 3507 111 3544 n
135 3487 189 3563 qui
212 3487 334 3552 accedit,
349 3493 456 3552 caveat,
477 3504 513 3542 ne
537 3485 566 3542 id
587 3483 673 3542 modo
697 3485 863 3550 consideret,
878 3501 964 3560 quam
983 3481 1032 3537 illa

91 3598 95 3632 t
120 3579 255 3634 honesta
268 3577 320 3633 sit:
342 3575 393 3633 sed
408 3575 502 3641 etiam,
517 3583 551 3633 ut
572 3575 678 3632 habeat
700 3574 837 3632 efficiendi
856 3571 1030 3628 facultatem.

111 3685 177 3743 quo
204 3666 272 3742 ipso
295 3664 531 3724 considerandum
555 3671 607 3732 est,
633 3682 668 3720 ne
692 3673 743 3721 aut
766 3671 873 3720 temere
897 3660 1031 3734 desperet
1046 3663 1084 3716 12

91 3762 179 3834 >pter
202 3754 358 3834 ignavam,
371 3760 422 3814 aut
443 3753 525 3812 nimis
548 3753 673 3812 confidat
694 3757 814 3829 propter
835 3746 1019 3828 cupiditaw*

555 3839 595 3898 3*
