2750 4284
543 353 629 394 mna
642 355 674 394 11.
716 354 782 394 cnr.
798 355 868 394 xx11.
1174 339 1210 394 al

197 481 444 561 congregabantur
463 483 599 550 homines,
613 491 709 540 tamen
721 501 773 561 spe
786 482 923 542 custodiae
938 501 1032 542 rerum
1045 501 1161 540 suarum
1182 520 1191 538 ι

197 573 310 630 urbium
332 573 464 650 praesidia
484 573 660 649 quaerebant.
703 573 806 631 Danda
826 574 911 630 etiam
932 591 1020 650 opera
1039 579 1092 639 est,
1113 576 1213 640 ne,10

197 661 275 738 quod
297 663 373 738 apud
395 663 516 740 majores
536 671 647 720 nostros
668 681 747 740 saepe
768 663 862 730 fiebat,
878 670 995 739 propter
1013 662 1104 720 aerarii
1117 668 1159 718 te·

197 750 335 808 nuitatem
357 751 606 827 assiduitatemque
628 752 775 819 bellorum,
801 741 939 810 tributum
959 752 996 808 sit
1015 751 1159 809 conferen-

198 838 276 906 dum,
291 839 376 916 idque
390 859 425 898 ne
445 841 562 908 eveniat,
584 841 674 898 multo
694 849 761 898 ante
781 843 834 899 erit
854 841 1068 920 providendum.
1110 839 1161 897 Sin
1176 843 1211 897 11

197 948 263 1005 quae
286 929 438 987 necessitas
460 930 546 1007 hujus
566 931 688 988 muneris
709 931 792 988 alicui
811 931 849 988 rei
868 931 991 1008 publicae
1006 929 1160 998 obvenerit,

199 1015 286 1096 (malo
300 1020 382 1094 enim,
397 1039 483 1096 quam
502 1027 607 1078 nostrae
630 1021 762 1086 omina1i3
783 1039 874 1098 neque
895 1028 991 1078 tamen
1005 1021 1041 1078 de
1055 1026 1160 1086 nostra,
1230 1073 1231 1085 ,

172 1111 177 1123 “
197 1108 248 1166 sed
263 1108 299 1165 de
313 1109 388 1166 omni
402 1129 433 1167 re
447 1111 561 1186 publica
575 1109 702 1188 disputo)
718 1111 813 1168 danda
833 1111 886 1169 erit
906 1129 1001 1189 opera,
1016 1118 1049 1168 ut
1063 1127 1174 1168 omnes.

198 1197 363 1274 intelligant,
388 1199 412 1255 si
435 1199 505 1256 salvi
528 1217 590 1256 esse
614 1200 708 1266 velint,
730 1200 890 1257 necessitati
909 1219 972 1258 esse
992 1201 1158 1277 parendum.
1175 1203 1214 1260 12

200 1287 297 1362 Atque
311 1287 397 1344 etiam
411 1305 515 1354 omnes,
531 1289 579 1364 qui
592 1307 652 1346 rem
673 1289 816 1365 publicam
836 1290 1046 1366 gubernabunt,
1062 1309 1161 1347 consu·

198 1376 256 1433 lere
271 1375 425 1442 debebunt,
441 1383 474 1433 ut
488 1395 585 1434 earum
605 1396 700 1434 rerum
721 1366 803 1454 eopia
815 1379 860 1444 sit,
875 1398 939 1454 quae
955 1386 1022 1435 sunt
1034 1397 1161 1436 necessa·
1177 1385 1214 1439 13

198 1464 258 1522 riae.
300 1465 427 1534 Quarum
447 1465 537 1541 qualis
558 1467 731 1543 comparatio
751 1467 811 1524 fieri
831 1468 920 1526 soleat
934 1475 964 1524 et
978 1468 1091 1535 debeat,
1106 1488 1163 1526 non

199 1563 243 1612 est
257 1573 371 1612 necesse
386 1555 547 1631 disputare:
569 1563 613 1613 est
634 1556 709 1613 enim
728 1557 756 1613 in
776 1563 931 1634 promptu;
952 1564 1064 1615 tantum
1083 1559 1164 1616 locus

198 1644 382 1721 attingendus
396 1645 458 1701 fuit.

240 1734 336 1810 Caput
357 1741 453 1791 autem
473 1741 517 1791 est
537 1734 565 1791 in
586 1735 661 1792 omni
681 1735 878 1813 procuratione
897 1736 1047 1814 negotiiet
1065 1741 1217 1795 mune-14

198 1822 236 1880 ris
250 1823 364 1899 publici,
379 1831 412 1880 ut
425 1810 550 1882 avaiitiae
566 1825 689 1901 pellatur
702 1825 788 1882 etiam
800 1825 915 1882 minima
929 1827 1059 1903 suspicio.
1101 1827 1133 1884 U
1130 1828 1162 1882 ti·
1179 1832 1215 1886 15

199 1932 273 1979 cam,
289 1912 379 1988 inquit
393 1913 426 1971 G.
441 1913 561 1970 Pontius
581 1913 702 1981 Samnis,
717 1915 755 1970 od
768 1916 822 1971 illc
844 1925 964 1989 tempora
985 1935 1027 1973 me
1040 1918 1164 1992 fortuna

199 2011 368 2069 reservasset,
383 2011 409 2059 et
424 2011 483 2060 tum
496 2021 577 2060 errem
593 2012 686 2070 cetus,
702 2005 813 2077 quoodo
826 2005 950 2062 Romani
963 2008 1036 2062 dorm
1048 2008 1166 2080 cropore

200 2090 359 2166 erupissent!
380 2111 539 2148 benereem
556 2112 659 2166 persua
679 2094 851 2150 dictinctos
871 2095 1013 2167 imperare.
1055 2096 1110 2154 Nae
1125 2095 1164 2152 illi

200 2183 291 2238 multo
313 2181 420 2239 saecula
442 2181 618 2257 expectanda
637 2182 771 2239 fuerunt:
792 2182 879 2240 modo
899 2183 973 2240 enim
987 2184 1042 2240 hoc
1056 2185 1164 2241 malum
1180 2189 1217 2243 16

200 2271 228 2327 in
242 2272 314 2327 hano
329 2289 388 2327 rem
404 2271 546 2346 publicam
559 2270 667 2328 invasit.
709 2272 811 2347 Itaque
824 2272 907 2330 facile
921 2271 1021 2349 patior,
1037 2280 1099 2329 tum
1114 2293 1165 2350 po-

201 2361 258 2416 tius
281 2359 415 2417 Pontium
438 2359 533 2426 fuisse,
558 2359 696 2435 siquidem
719 2360 748 2416 in
770 2361 818 2418 illo
841 2369 953 2419 tantum
974 2361 1028 2418 fuit
1047 2363 1164 2420 roboris.

202 2449 337 2506 Nondum
352 2455 465 2505 centnm
480 2456 510 2504 et
523 2448 621 2505 decem
642 2449 707 2506 anni
727 2457 801 2517 sunt,
817 2451 882 2508 ¹cum
896 2450 933 2507 de
947 2451 1072 2528 pecuniis
1085 2471 1165 2529 repe·
1181 2451 1218 2511 17

201 2537 297 2594 tundis
311 2555 328 2594 a
342 2537 373 2594 L.
389 2537 491 2593 Pisone
506 2537 564 2594 lata
577 2537 624 2594 lex
638 2545 690 2605 est,
706 2539 783 2596 nulla
796 2547 880 2596 autea
895 2559 961 2597 oum
974 2540 1081 2598 fuisset.
1122 2541 1167 2598 At

202 2646 270 2684 vero
291 2633 391 2703 postea
413 2633 456 2683 tot
476 2627 563 2704 leges,
578 2635 608 2684 et
622 2628 757 2703 proximae
772 2649 895 2705 quaeque
909 2629 1044 2696 duriores,
1059 2637 1103 2688 tot
1116 2631 1164 2698 rei,

203 2723 246 2774 tot
256 2715 390 2782 damnati,
399 2723 512 2773 tantum
527 2717 659 2774 Italicum
673 2718 778 2775 bellum
794 2727 912 2796 propter
922 2719 1093 2797 judiciorum
1107 2739 1166 2778 me-

203 2813 265 2863 tum
287 2805 451 2873 excitatum,
467 2813 554 2872 tanta,
574 2807 692 2863 sublatis
715 2807 825 2884 legibus
846 2816 874 2865 et
892 2809 1013 2886 judiciis,
1035 2810 1168 2886 expilatio

204 2895 381 2971 direptioque
403 2895 551 2961 sociorum,
573 2904 606 2953 ut
629 2896 819 2962 imbecillitate
840 2898 968 2966 aliorum,
990 2917 1047 2956 non
1070 2907 1168 2958 nostra
1266 2929 1269 2932 ·

204 2985 307 3042 virtute
320 2985 474 3042 valeamus.
572 3027 574 3031 -

245 3163 338 3221 XXII.
360 3163 473 3220 Laudat
483 3164 650 3222 Africanum
663 3164 817 3232 Panaetius,
827 3163 904 3241 quod
918 3165 1003 3224 fuerit
1017 3163 1167 3225 abstinens.

207 3253 311 3320 Quidni
330 3253 452 3309 laudet?
473 3255 523 3311 sed
544 3254 573 3310 in
592 3254 639 3310 illo
661 3255 715 3311 alia
737 3255 853 3332 majora.
895 3256 971 3312 Laus
992 3257 1169 3314 abstinentiae

207 3361 263 3400 non
276 3342 396 3399 hominis
409 3348 453 3398 est
467 3343 568 3409 solum,
584 3343 635 3401 sed
650 3343 735 3400 etiam
748 3351 909 3420 temporum
922 3344 1043 3402 illorum.
1085 3345 1170 3402 Omni
1184 3350 1201 3402 2

208 3431 396 3488 Macedonum
410 3450 488 3508 gaza,
503 3451 568 3508 quae
583 3433 637 3490 fuit
650 3434 781 3500 maxima,
797 3434 905 3510 potitus
924 3435 1044 3491 Paullus
1057 3440 1170 3490 tantum

203 3519 236 3586 in
259 3519 388 3576 aerarium
413 3520 541 3596 pecuniae
564 3522 678 3589 invexit,
703 3530 737 3580 ut
760 3523 842 3580 unius
866 3523 1046 3600 imperatoris
1070 3521 1170 3598 praeda

207 3609 292 3666 finem
306 3609 432 3668 attiderit
445 3610 633 3668 tributorum:
655 3619 685 3668 at
698 3612 743 3669 hic
757 3612 825 3668 nihil
845 3613 962 3670 domum
983 3629 1064 3667 suam
1077 3610 1172 3666 intulit

208 3705 313 3776 praeter
332 3699 497 3756 memoriam
517 3699 637 3758 nominis
658 3701 867 3778 sempiternam.
908 3699 1040 3758 Imitatus
1060 3705 1204 3777 patremss
