2750 4284
502 398 587 437 mua
599 399 642 438 111.
684 397 750 439 oar.
765 400 838 439 ¹111.
1118 389 1173 442 111

163 522 254 598 inquit
262 523 370 582 Attius.
397 525 617 603 Atouiregno‘i
645 527 729 594 Quod
740 527 887 584 aTantalo
897 532 927 583 et
936 527 1043 604 Pelope
1055 547 1120 604 pro-

164 611 255 668 ditum
266 613 330 689 jure
345 614 533 672 obtinebatur.
575 615 651 671 Nam
665 621 772 690 quanto
787 616 882 692 plures
901 617 927 673 ei
946 617 1007 692 regi
1027 624 1120 692 putas,
1136 623 1172 675 1³

163 700 213 775 qui
232 693 356 758 exercitu
376 702 474 778 populi
494 703 614 760 Romani
634 703 772 779 populum
790 704 884 780 ipsum
897 707 1056 762 Romanum
1070 724 1121 780 op

163 790 318 864 pressisset,
334 791 531 866 civitatemque
551 811 607 848 non
631 791 717 848 modo
737 791 861 858 liberam,
876 793 927 849 sed
948 792 1032 850 etiam
1052 812 1120 870 gen-

162 877 238 934 tibus
251 877 444 955 imperantem,
456 881 560 938 servire
574 881 625 938 srbi
639 880 801 956 coegisset?
830 881 915 937 Hunc
928 888 961 937 tu
970 900 1041 957 quas
1055 901 1120 939 con·

162 967 285 1024 scientia
310 967 389 1024 labes
411 969 439 1024 in
463 969 555 1025 animo
578 987 676 1026 censes
704 969 859 1026 habuisse?
890 987 955 1044 quae
979 969 1119 1027 udnera?

163 1055 252 1131 Cujus
273 1064 369 1113 autem
388 1056 446 1112 vita
466 1057 520 1132 ipsi
540 1064 635 1133 potest
655 1057 730 1113 utilis
750 1074 820 1123 esse,
836 1075 901 1114 cum
924 1057 986 1132 ejus
1000 1057 1065 1114 vitae
1085 1077 1120 1115 ea
1135 1064 1172 1116 14

162 1145 284 1202 conditio
304 1145 349 1212 sit,
363 1152 406 1210 ut,
420 1145 469 1221 qui
488 1145 566 1201 illam
586 1145 728 1220 eripuerit,
742 1145 771 1200 in
790 1145 913 1200 maxima
926 1153 954 1202 ct
972 1147 1064 1220 gratia
1077 1147 1120 1203 fu-

161 1240 242 1290 turus
256 1234 292 1290 sit
305 1240 335 1290 et
347 1233 462 1310 gloria?
497 1233 605 1300 Quodsi
617 1234 680 1290 haec
694 1232 772 1288 utilia
789 1251 846 1289 non
863 1241 938 1298 srmt,
953 1253 1018 1309 qnae
1034 1234 1120 1290 maxi-
1137 1241 1173 1294 15

160 1341 207 1378 me
220 1322 360 1388 videntur,
373 1322 439 1397 quia
458 1322 543 1398 plena
562 1329 629 1378 sunt
642 1321 787 1378 dedecoris
807 1339 840 1378 ac
857 1321 1056 1397 turpitudinis;
1077 1341 1121 1378 aa·

160 1410 197 1467 tis
218 1429 384 1487 persuasum
405 1428 467 1467 esse
487 1410 580 1477 debet,
600 1409 667 1466 nihil
687 1427 750 1466 esse
770 1409 846 1476 utile,
861 1410 938 1486 quod
958 1429 1015 1467 non
1034 1409 1121 1467 hone·

161 1506 237 1556 atum
250 1498 295 1555 sit

200 1675 294 1733 XXII.
316 1676 495 1750 Quamquam
509 1675 539 1732 id
549 1675 671 1750 quidem,
684 1695 749 1732 cum
763 1694 841 1752 saepe
855 1676 932 1743 alias,
942 1683 1004 1734 tum
1018 1677 1121 1754 Pyrrhi

160 1764 236 1824 bello
249 1783 267 1821 a
281 1765 314 1822 0.
329 1765 466 1832 Fabricio,
480 1765 594 1822 consule
608 1764 719 1831 iterum,
734 1772 763 1822 et
776 1784 794 1820 a
812 1773 912 1822 senatu
932 1774 1028 1823 nostro
1046 1768 1121 1843 judi-

161 1862 256 1912 catum
270 1861 321 1912 est.
363 1854 439 1910 Cum
453 1854 527 1910 enim
541 1873 591 1910 rex
606 1853 735 1929 Pyrrhus
750 1854 856 1930 populo
870 1855 1000 1912 Romano
1014 1856 1120 1912 bellum
1135 1863 1152 1914 2

161 1945 236 2000 ultro
249 1943 395 2010 intulisset,
411 1961 532 2018 cumque
546 1942 582 1998 de
596 1942 713 2019 imperio
726 1950 869 1999 certamen
883 1953 957 2000 esset
975 1963 1039 2000 cum
1053 1964 1121 2022 rege

161 2051 298 2110 generoso
311 2051 344 2088 ac
358 2039 488 2108 potente;
510 2031 630 2108 perfuga
644 2032 680 2088 ab
694 2050 728 2088 eo
742 2031 819 2087 venit
838 2031 866 2087 io
885 2040 978 2088 castra
991 2031 1119 2099 Fabricii,

161 2122 242 2197 eique
266 2127 310 2178 est
334 2120 482 2196 pollicitus,
507 2119 531 2176 si
554 2119 701 2195 praemium
725 2119 777 2175 sibi
801 2119 1003 2194 proposuisset,
1028 2139 1067 2186 se,
1088 2128 1122 2178 ut

162 2211 234 2268 clam
248 2209 378 2274 venisset,
394 2209 433 2265 sic
453 2208 526 2264 clam
545 2208 574 2264 in
588 2207 691 2283 Pyrrhi
711 2214 803 2264 castra
822 2207 987 2272 rediturum,
1006 2215 1036 2264 et
1056 2227 1121 2265 eum

161 2317 269 2356 veneno
281 2304 455 2354 necaturum.
496 2296 581 2353 Hunc
595 2295 739 2352 Fabricius
752 2295 947 2354 reducendum
962 2296 1070 2352 curavit
1083 2297 1120 2354 ad

161 2388 320 2464 Pyrrhum:
341 2386 427 2460 idque
441 2385 503 2460 ejus
516 2385 624 2442 factum
638 2383 786 2440 laudatum
799 2402 818 2440 a
831 2389 930 2440 senatu
944 2390 995 2440 est.
1030 2385 1120 2459 Atqui
1135 2392 1152 2442 3

161 2477 185 2534 si
205 2476 326 2552 speciem
348 2474 474 2531 utilitatis
495 2473 708 2549 opinionemque
728 2471 889 2547 quaen'mus,
903 2490 1037 2548 magnum
1051 2472 1120 2529 illud

161 2565 268 2623 bellum
289 2564 410 2641 perfuga
429 2582 502 2620 unus
518 2570 548 2618 et
567 2579 684 2638 gravem
701 2559 892 2618 adversarium
905 2559 1013 2635 imperii
1026 2568 1120 2618 sustu·

85 2662 89 2666 “
160 2655 254 2712 lisset:
276 2653 327 2710 sed
341 2669 478 2728 magnum
492 2650 617 2709 dedecus
630 2657 659 2706 et
673 2648 819 2727 flagitium,
830 2647 944 2725 quicum
957 2647 1048 2704 laudis
1061 2669 1120 2706 cer·

161 2751 257 2800 mmen
282 2742 390 2806 fuisset,
419 2758 484 2796 eum
511 2758 567 2796 nou
593 2738 706 2805 virtute,
734 2737 786 2794 sed
812 2736 918 2793 scelere
946 2745 1118 2812 superatum.

161 2832 267 2888 Utrum
286 2830 372 2908 igitur
387 2829 481 2886 utilius
494 2827 540 2884 vel
560 2826 696 2892 Fabricio,
711 2825 760 2901 qui
772 2816 836 2882 talis
850 2825 878 2881 in
890 2824 944 2881 hac
957 2825 1037 2891 urbe,
1051 2845 1120 2901 qua,-
1134 2833 1153 2885 4

162 2921 195 2978 lis
216 2918 356 2978 Aristides
376 2917 498 2980 Athenis
518 2916 580 2982 fuit,
595 2915 640 2972 vel
661 2915 770 2972 senatui
789 2921 894 2980 nostro,
909 2913 957 2987 qui
977 2932 1121 2990 nunquam

162 3008 312 3066 utilitatem
332 3025 350 3062 a
363 3005 499 3082 dignitate
519 3004 650 3081 sejunxit,
665 3004 750 3060 armis
771 3022 837 3060 cum
855 3003 937 3059 hoste
951 3009 1068 3068 certare,
1083 3021 1120 3060 an

162 3096 298 3154 venenis?
339 3094 370 3152 si
384 3092 482 3170 gloriae
496 3111 581 3150 causa
594 3092 743 3168 imperium
757 3089 949 3166 expetendum
962 3095 1014 3154 est,
1028 3090 1120 3148 scelus
1134 3101 1152 3150 5

162 3185 245 3251 absit,
260 3184 358 3258 inquo
371 3201 427 3238 uon
441 3189 536 3258 potest
552 3199 614 3236 esse
634 3181 739 3258 gloria:
761 3179 803 3236 sin
817 3179 887 3253 ipse
901 3195 970 3252 opes
983 3186 1119 3252 expetun-

163 3280 210 3330 tur
229 3290 344 3347 quoquo
364 3270 457 3334 modo,
478 3288 534 3326 non
558 3275 691 3344 poterunt
714 3267 796 3324 utiles
821 3283 883 3323 esse
907 3286 973 3324 cum
997 3265 1118 3325 infamia.

164 3361 230 3419 Non
243 3359 418 3436 igiturutilis
431 3358 478 3414 illa
492 3357 523 3414 L.
539 3357 672 3433 Philippi,
688 3356 721 3424 Q,
738 3355 779 3421 F,
795 3356 949 3412 sententia:
970 3375 1041 3433 quaa
1055 3355 1152 3413 civi-d

118 3439 122 3445 ¹
163 3457 237 3508 tates
258 3449 291 3506 L.
306 3448 394 3514 Sulla,
409 3447 528 3523 pecunia
549 3453 675 3522 accepta,
690 3463 725 3501 ex
745 3451 859 3500 senatus
878 3445 1008 3502 consulto
1020 3445 1120 3502 libera-

164 3538 258 3602 visset,
275 3544 307 3593 ut
327 3553 370 3592 eae
389 3555 486 3592 rursus
500 3532 654 3609 vectigales
674 3539 776 3596 essent,
797 3549 889 3605 neque
908 3531 941 3588 iis
962 3529 1118 3605 pecuniam,

165 3645 251 3703 quam
265 3643 316 3702 pro
330 3624 459 3682 libertate
470 3622 615 3686 dederant,
626 3620 822 3678 redderemus..
850 3619 903 3674 Est
912 3617 938 3674 ei
951 3623 1064 3672 senatus
1077 3633 1120 3672 as·

165 3733 271 3774 senam.
306 3713 402 3788 Turpe
413 3711 539 3788 imperio.
573 3709 732 3766 Phatarum
746 3707 819 3764 enim
832 3705 929 3764 mehor
942 3703 1022 3770 fides,
1035 3721 1123 3780 quam
