2750 4284
1127 273 1144 312 Ν

514 397 600 436 arara
613 398 644 438 ιι.
686 397 752 438 oar.
768 397 817 437 xv.
1136 375 1173 438 '18

157 545 378 605 menumquam
392 527 590 604 eloquentiam,
602 545 620 583 a
632 533 734 583 natura
743 525 781 584 ad
795 525 917 582 salutem
931 523 1078 582 hominum
1092 529 1122 582 et

158 617 196 674 ad
210 617 451 676 conservationem
465 617 571 683 datam,
583 616 621 674 ad
635 617 774 674 bonorum
788 622 899 692 pestem
914 613 1122 692 perniciemque

158 707 342 765 convertere?
363 707 425 764 Nec
433 715 536 773 tamen,
546 713 579 762 ut
587 707 642 764 hoc
651 703 818 782 fugiendum
825 711 877 772 est,
887 704 954 760 item
964 710 1008 761 est
1015 703 1120 760 haben-
1137 707 1175 762 lt

158 795 228 854 dum
236 796 371 871 religioni,
378 803 528 854 nocentem
535 794 695 872 aliquando,
703 793 790 852 modo
801 812 835 850 ne
843 793 981 850 nefarium
990 792 1120 869 impium-

158 904 222 961 que,
234 884 394 944 defendere.
422 885 495 942 Vult
507 885 562 942 hoc
577 883 738 950 multitudo,
754 883 861 960 patitur
871 882 1054 949 consuetudo,
1066 881 1122 940 fert

158 975 242 1032 ctiam
256 975 424 1033 humanitas.
452 975 471 1032 J
472 973 561 1032 udicis
575 980 627 1040 est,
639 992 752 1050 semper
764 973 793 1030 in
807 971 898 1030 causis
912 990 1011 1030 verum
1025 971 1120 1048 sequi:
1137 975 1174 1029 lo

159 1064 278 1141 patroni,
299 1082 503 1140 nonnunquam
524 1063 583 1121 veri
604 1063 703 1129 simile,
719 1062 827 1120 etiamsi
848 1061 940 1120 minus
958 1061 995 1118 sit
1012 1079 1120 1128 verum,

157 1152 308 1210 defendere
319 1172 327 1221 ;
350 1151 428 1230 quod
452 1151 574 1210 scribere
599 1149 770 1229 (praesertim
791 1170 858 1209 cum
878 1150 914 1208 de
938 1149 1119 1227 philosophia
1135 1148 1172 1207 1'1

157 1240 322 1320 scriberem)
336 1261 394 1298 nou
406 1241 550 1308 auderem,
566 1241 618 1297 nisi
631 1240 707 1300 idem
721 1241 847 1317 placeret
866 1240 1033 1318 gravissimo
1047 1238 1121 1296 Stoi·

157 1349 256 1389 corum
275 1331 412 1390 Panaetio.
456 1329 579 1388 Maxime
600 1336 696 1387 autem
711 1336 741 1386 et
758 1329 849 1408 gloria
863 1329 972 1404 paritur
986 1335 1016 1386 et
1028 1327 1120 1406 gratia
1136 1333 1173 1388 18

157 1419 386 1478 defensionibus:
408 1437 500 1496 eoque
520 1419 620 1496 major,
635 1419 787 1494 siquando
807 1418 916 1485 accidit,
931 1425 966 1476 ut
979 1417 1004 1475 ei
1018 1418 1120 1475 subve-

155 1509 256 1576 niatur,
277 1508 326 1585 qui
346 1509 468 1586 potentis
489 1507 608 1586 alicujus
629 1507 730 1585 opibus
751 1508 944 1566 circumveniri
969 1507 1120 1585 urgerique

154 1597 299 1666 rideatur;
321 1605 354 1655 ιιι
367 1617 418 1656 nos
432 1605 462 1656 et
475 1616 552 1675 saepe
566 1597 642 1665 alias,
655 1607 685 1655 et
695 1598 888 1656 adolescentes
899 1603 996 1655 contin
1010 1597 1042 1654 L.
1055 1596 1119 1654 Sul·
1135 1601 1172 1656 19

154 1687 191 1746 1ae
212 1687 380 1746 dominantis
401 1705 470 1765 opes
489 1707 543 1765 pro
563 1687 592 1748 S.
608 1688 712 1746 Roscio
731 1687 869 1746 Amerino
889 1687 1023 1746 fecimus:
1045 1705 1120 1765 quae,

154 1784 188 1836 ιιι
200 1777 264 1844 scis,
278 1784 359 1835 extat
372 1777 471 1835 oratio.

193 1956 257 2014 XV.
279 1954 337 2013 Sed
354 1955 488 2032 expositis
508 1955 730 2014 adolescentium
751 1955 856 2023 officiis,
872 1975 938 2033 quae
952 1955 1067 2014 valeant
1080 1955 1118 2014 ad

117 2052 127 2063 “’
154 2045 274 2123 gloriam
289 2045 509 2122 adipiscendam,
525 2045 658 2124 deinceps
677 2046 714 2104 de
734 2046 853 2103 benef
859 2045 1010 2104 icentia
1029 2065 1062 2103 ac
1082 2045 1118 2104 de

153 2135 375 2194 liberalitate
389 2134 541 2192 dicendum
555 2143 607 2193 est.
645 2136 736 2213 Cujus
749 2135 878 2193 estratio
892 2135 1007 2212 duplex.
1042 2135 1150 2193 Nam2

153 2232 204 2282 aut
217 2243 304 2302 opera
318 2223 439 2300 benigne
454 2224 486 2280 fit
499 2224 700 2302 indigentibus,
714 2231 764 2282 aut
778 2224 905 2301 pecunia.
940 2224 1060 2282 Facilior
1073 2232 1118 2282 est

152 2314 215 2372 haec
226 2313 371 2391 posterior,
385 2313 521 2390 locupleti
537 2314 712 2389 praesertim:
733 2314 784 2372 sed
798 2313 846 2371 illa
859 2313 963 2371 lautior
976 2332 1010 2370 ac
1024 2314 1117 2390 splen·

153 2404 246 2461 didior
267 2409 297 2460 et
310 2403 370 2459 viro
392 2402 458 2458 forti
480 2402 611 2479 claroque
632 2403 749 2480 dignior.
792 2404 971 2480 Quamquam
994 2403 1069 2460 enim
1088 2403 1148 2462 ind

152 2500 274 2570 utroque
292 2492 365 2550 inest
382 2491 561 2569 gratificandi
581 2492 703 2550 liberalis
716 2492 854 2560 voluutas,
870 2501 966 2551 tamen
979 2492 1068 2550 altera
1081 2511 1117 2550 ex

152 2601 226 2651 arca,
250 2582 340 2640 altera
361 2600 397 2639 ex
418 2581 522 2638 virtute
544 2582 735 2660 depromitur:
758 2582 934 2660 largn'tioque,
952 2601 1017 2659 quae
1035 2583 1067 2638 fit
1081 2600 1117 2639 ex

153 2691 184 2730 re
198 2672 333 2739 familiari,
345 2672 453 2730 fontem
467 2670 561 2749 ipsum
575 2672 754 2750 benignitatis
765 2673 901 2730 exhaurit.
930 2673 976 2730 Ita
990 2671 1115 2750 benigni·

151 2768 210 2820 tate
225 2761 381 2840 benignitas
396 2761 519 2818 tollitur:
540 2779 597 2838 qua
610 2780 667 2838 quo
680 2762 709 2818 in
723 2762 819 2838 plures
832 2781 901 2819 usus
915 2761 960 2830 sis,
976 2780 1010 2818 eo
1023 2761 1116 2819 minus

150 2852 179 2910 in
188 2853 293 2910 multos
303 2852 345 2910 uti
360 2852 459 2929 possis.
489 2851 532 2908 At
541 2852 591 2929 qui
605 2871 700 2928 opera,
712 2851 741 2910 id
755 2858 798 2909 est
808 2852 911 2910 virtute
925 2860 955 2909 et
968 2851 1114 2919 industria,
1129 2855 1148 2909 4

150 2942 271 3000 benefici
292 2948 322 3000 et
341 2942 471 2999 liberales
491 2949 582 3008 eruut,
598 2942 721 3019 primum
735 2961 792 3019 quo
807 2943 934 3020 pluribus
948 2941 1112 3019 profuerint,

150 3047 185 3088 ee
195 3030 290 3106 plures
300 3030 338 3087 ad
352 3031 472 3108 benigne
485 3030 646 3088 faciendum
656 3031 801 3110 adjutores
815 3032 969 3089 habebunt.
1004 3030 1114 3088 Deinde
1128 3037 1145 3089 5

150 3118 353 3176 consuetudine
365 3120 558 3178 beneficentia
573 3120 726 3196 paratiores
740 3128 823 3178 amnt
833 3127 863 3178 et
876 3127 1022 3197 tamquam
1036 3138 1113 3177 exer-

150 3207 291 3266 citatiores
301 3207 339 3266 ad
353 3210 425 3266 bene
439 3208 476 3266 de
489 3209 586 3267 multis
603 3210 830 3286 promerendum.
865 3209 1005 3268 Praeclare
1015 3209 1044 3266 in
1054 3209 1111 3287 cpi·
1127 3214 1145 3268 6

149 3297 224 3354 stola
233 3296 358 3373 quadam
368 3297 565 3355 Alexandrum
576 3298 663 3355 filium
674 3299 824 3376 Philippus
835 3306 959 3366 accusat,
971 3298 1048 3375 quod
1058 3298 1112 3356 lar·

148 3386 254 3464 gitione
263 3385 485 3466 benivolentiam
500 3387 690 3446 Macedonum
701 3397 887 3447 consectetur.
921 3389 992 3461 Qcoe
1001 3397 1037 3455 te,
1052 3407 1111 3444 mc-

149 3473 233 3534 lam!
252 3475 349 3551 inquit,
364 3479 437 3534 ratio
457 3478 488 3534 io
505 3477 588 3534 obtem
607 3497 682 3551 spem
701 3479 820 3546 inducit,
835 3488 868 3536 at
887 3498 930 3536 cos
951 3479 1000 3534 tibi
1014 3477 1113 3552 fideles

140 3573 260 3641 putares
274 3566 349 3641 fore,
371 3585 439 3641 quos
456 3568 576 3642 petuma
595 3569 783 3642 corrupisses?
823 3569 872 3626 Aa
891 3577 923 3625 tu
942 3568 974 3624 id
993 3567 1062 3640 agis,
1078 3573 1111 3622 ut

147 3655 312 3714 Macedones
335 3675 390 3713 noc
415 3665 439 3714 te
461 3676 549 3730 regem
572 3675 665 3725 mam,
687 3657 733 3715 ced
752 3659 914 3714 ministrum
934 3665 960 3714 et
977 3655 1108 3730 prebite-

145 3763 204 3805 rem
216 3745 414 3823 sperentsore?
453 3746 530 3804 Bene
544 3748 705 3804 minearum
718 3755 744 3806 ct
751 3748 927 3822 praebitorem
935 3765 949 3818 ,·
969 3765 1027 3833 quo
1041 3745 1110 3833 quid
1124 3745 1141 3814 7
