2750 4284
531 395 673 436 muana
714 394 781 436 oar.
796 395 844 435 xv.
1127 381 1185 438 10³

169 519 280 578 multa?
294 519 436 598 impetrat.
464 522 541 579 Emit
548 523 634 580 homo
643 523 764 600 cupidus
772 530 802 580 et
809 522 937 599 locuples
946 522 1025 590 tanti,
1035 523 1134 599 quanti

169 607 294 683 Pythius
307 610 405 677 voluit,
420 618 450 668 et
469 611 537 668 emit
557 612 717 669 instructos.
759 612 882 669 Nomina
895 613 971 677 facit,
986 613 1132 689 negotium

169 697 288 754 conficit.
329 697 433 756 Invitat
442 700 547 756 Oenius
562 700 696 775 postridie
707 700 858 758 familiares
868 720 942 758 suos.
975 701 1060 758 Venit
1070 702 1131 778 ipse
1146 707 1164 760 8

168 793 287 844 mature.
329 787 475 845 Scalmum
488 789 598 846 nullum
609 789 694 847 videt.
727 789 835 857 Quaerit
846 809 882 846 ex
892 789 1020 865 proximo
1030 790 1130 858 vicino,

167 892 236 932 num
258 876 334 932 ferire
355 871 488 952 quadam
511 878 683 954 piscatorum
705 885 808 944 essent,
824 879 901 955 quod
915 897 964 936 eos
984 879 1077 936 nullos
1091 879 1131 936 vi·

168 961 257 1022 deret.
299 965 401 1033 Nullae,
416 966 493 1041 quod
508 967 604 1034 sciam,
619 967 665 1024 illc
687 967 785 1043 inquit,
801 968 852 1025 sed
875 968 920 1024 hic
941 968 1042 1044 piscari
1061 967 1131 1026 nulli

165 1052 275 1109 solent:
288 1053 385 1129 itaque
396 1055 456 1112 heri
466 1055 597 1123 mirabar,
610 1055 679 1131 quid
689 1055 847 1114 accidisset.
889 1056 1066 1114 Stomachari
1075 1058 1129 1114 Oa·

166 1140 238 1198 nius.
280 1141 339 1200 Sed
347 1143 416 1218 quid
426 1143 554 1202 faceret?
590 1143 727 1201 Nondum
737 1146 811 1202 euim
821 1144 972 1220 Aquillius,
984 1145 1092 1222 collega
1101 1150 1163 1202 eto

166 1228 308 1286 familiaris
330 1250 419 1297 meus,
435 1233 593 1308 protulerat
606 1232 643 1288 de
657 1232 724 1289 dolo
740 1233 815 1290 malo
835 1233 978 1290 formulas.
1020 1235 1055 1290 In
1068 1233 1128 1308 qui-
1146 1239 1183 1291 10

167 1317 221 1374 bus
245 1319 312 1394 ipsis
336 1339 402 1376 cum
425 1339 463 1376 cx
482 1339 516 1377 eo
536 1329 718 1396 quareretur,
733 1321 802 1397 quid
826 1329 901 1378 esset
925 1322 1008 1378 dolus
1028 1323 1130 1388 malus,

167 1406 366 1482 respondebat,
377 1427 443 1465 cum
456 1416 532 1466 esset
546 1409 623 1466 aliud
637 1409 810 1476 simulatum,
820 1409 897 1466 aliud
918 1417 1024 1467 actum.
1066 1411 1130 1468 Hoc

166 1496 281 1572 quidem
295 1515 363 1554 sane
376 1497 526 1564 luculente,
534 1505 567 1554 ut
580 1499 617 1555 ab
631 1498 743 1555 homine
757 1499 849 1575 perito
860 1491 1017 1556 definiendi.
1050 1499 1129 1575 Ergo
1145 1503 1181 1558 ll

166 1593 196 1642 et
208 1585 330 1660 Pythius
354 1593 384 1642 et
405 1604 503 1643 omnes
524 1587 602 1644 aliud
624 1595 750 1664 agentes,
766 1587 844 1644 aliud
866 1587 1038 1653 simulantes,
1063 1605 1127 1664 per·

165 1673 223 1740 fidi,
237 1674 367 1749 improbi,
382 1675 519 1732 malitiosi.
561 1675 591 1732 N
591 1675 681 1732 ullum
695 1676 781 1752 igitur
794 1693 893 1733 eorum
906 1675 1016 1733 factum
1030 1681 1127 1753 potest

166 1762 235 1820 utile
249 1781 320 1831 esse,
336 1783 402 1820 cum
416 1763 453 1820 sit
466 1771 510 1840 tot
523 1764 597 1822 vitiis
609 1755 796 1840 inquinatum.

204 1940 269 1998 XV.
285 1939 393 2009 Quodsi
401 1939 563 2016 Aquilliana
572 1941 696 1999 definitio
707 1961 773 1998 vera
784 1949 881 2007 estex
891 1941 967 2000 omni
976 1941 1035 1998 vita
1042 1941 1128 1999 simu·
1222 2007 1227 2018 ¹

165 2029 233 2086 latio
247 2029 489 2104 dissimulatioque
503 2030 629 2086 tollenda
643 2037 694 2087 est.
737 2031 783 2086 Ita
802 2049 854 2086 nec
875 2037 908 2087 ut
929 2037 1006 2087 emat
1019 2031 1127 2097 melius,

167 2137 221 2176 nec
235 2125 268 2175 ut
282 2119 395 2183 vendat,
405 2117 556 2192 quicquam
568 2117 710 2174 simulabit
720 2124 771 2173 aut
781 2117 1017 2174 dissimulabitvir
1026 2118 1126 2176 bonus.
1178 2135 1184 2140 ·

164 2209 264 2283 Atque
277 2208 330 2264 iste
344 2206 427 2264 dolus
441 2207 531 2262 malus
545 2212 575 2262 et
588 2207 698 2283 legibus
719 2213 780 2262 erat
793 2206 960 2272 vindicatus,
979 2205 1026 2281 (ut
1039 2205 1128 2264 tutela
1142 2212 1160 2263 2

164 2295 315 2352 duodecim
324 2295 435 2361 tabulis,
444 2294 664 2370 circumscriptio
675 2294 896 2351 adolescentium
903 2292 1127 2371 legePlaetoria,)

165 2382 731 2460 etsinelegejudiciis,inquibusadditur
755 2402 797 2438 nx
820 2401 904 2438 arna
929 2398 1037 2439 aona.
1071 2383 1160 2440 lte-a

164 2473 306 2549 liquorum
319 2478 415 2528 autem
426 2470 598 2546 judiciorum
611 2471 672 2528 hec
684 2471 771 2528 verba
785 2471 905 2527 maxime
920 2471 1078 2528 excellunt:
1099 2471 1128 2528 in

164 2561 280 2618 arbitrio
292 2559 333 2616 rei
346 2559 458 2626 uxoria,
480 2579 618 2617 usurus
645 2579 809 2624 neurus:
830 2559 984 2626 infiducia,
1009 2579 1051 2617 uu
1077 2579 1127 2616 ru·

164 2669 233 2708 aaa
261 2667 382 2706 nouos
410 2667 507 2704 asan
532 2666 655 2706 aaran.
697 2648 873 2726 Quidergo‘l
892 2648 1161 2724 autineo,quod4

164 2757 298 2796 uanius
326 2756 480 2803 nemus,
504 2737 1128 2813 potestullaparsinessefraudis‘?autcum

164 2827 397 2886 dicitur1uraa
420 2845 535 2883 sonos
559 2845 651 2882 aaran
674 2826 1127 2903 serua,quicquamagidolose

164 2923 215 2974 aut
227 2916 365 2972 malitiose
379 2916 497 2992 potest?
538 2917 630 2972 Dolus
644 2924 740 2973 autem
754 2915 846 2972 malus
857 2915 885 2972 in
896 2915 1083 2980 simulatione,
1093 2921 1126 2972 ut
1140 2923 1159 2974 5

164 3005 203 3062 ait
213 3004 364 3080 Aquillius,
377 3004 542 3062 continetur.
584 3004 752 3062 Tollendum
766 3010 810 3062 est
824 3005 955 3081 igiturex
965 3003 1050 3062 rebus
1061 3021 1127 3060 oon·

164 3093 308 3150 trahendis
319 3111 402 3150 omne
411 3092 599 3150 mendacium.
641 3093 669 3150 N
671 3112 708 3150 cn
718 3092 913 3150 inlicitatorem
923 3091 1059 3158 venditor,
1070 3110 1127 3148 non
1140 3096 1159 3149 6

165 3181 214 3258 qui
234 3189 332 3238 contra
352 3181 508 3248 reliceatun
523 3187 646 3256 emptor·
656 3188 789 3257 apponet.
831 3181 967 3257 Uterque,
982 3180 1005 3238 si
1018 3181 1056 3238 ad
1070 3181 1126 3238 elo-

164 3271 311 3347 quendum
324 3269 440 3335 venerit,
456 3288 513 3326 non
526 3270 601 3346 plus,
613 3287 698 3344 quam
712 3269 808 3336 semel,
819 3269 974 3346 eloquetur.
1016 3270 1050 3338 Q,
1065 3269 1125 3346 qui·
1141 3268 1159 3328 '1

164 3359 231 3417 dem
246 3357 383 3424 Scaevola,
398 3359 432 3416 P.
446 3357 490 3424 F„
506 3377 571 3414 cum
593 3359 773 3434 postulasset,
789 3365 821 3416 ut
842 3358 895 3416 sibi
913 3358 1028 3424 fundus,
1044 3359 1127 3435 cujus
1180 3389 1187 3396 ·

164 3455 276 3524 emptor
295 3454 366 3514 crat,
386 3447 475 3504 semel
496 3446 675 3512 ndicnetur,
690 3446 776 3522 idque
797 3446 926 3506 venditor
944 3447 985 3504 ita
1003 3446 1126 3512 fecisset,

107 3582 115 3593 .
164 3537 244 3603 dixit,
259 3554 290 3592 se
304 3535 392 3611 pluris
407 3537 561 3593 aesdmare:
583 3535 693 3593 addidit
706 3543 821 3595 centum
841 3536 924 3594 milia.
965 3534 1058 3592 Nemo
1072 3539 1124 3600 est,
1147 3537 1165 3591 8

164 3625 213 3702 qui
234 3623 289 3682 hoc
304 3624 354 3680 viri
374 3624 440 3682 boni
461 3623 548 3682 sitisse
568 3631 671 3701 neget;
692 3625 834 3700 sapientis,
849 3631 970 3700 negant:
992 3627 1025 3678 ut
1038 3621 1125 3678 simi·

163 3713 248 3784 nom.
263 3731 349 3792 quam
370 3713 519 3792 potuisset,
533 3713 716 3772 vendidisset
757 3713 829 3772 Hac
843 3711 930 3790 igitur
943 3716 987 3770 eat
1000 3709 1048 3768 illa
1061 3715 1159 3789 per-tl
