2648 4288
511 389 598 428 traua
617 389 649 429 11.
691 387 758 429 ora.
778 391 842 430 vrri.
1141 375 1180 432 Μ

164 517 300 594 quamdiu
321 517 469 594 imperinm
489 519 588 595 populi
608 519 728 576 Romani
746 519 885 576 beneficiis
898 520 1056 587 tenebatur,
1071 537 1128 576 non

163 606 286 684 injuriis:
302 607 376 664 bella
390 615 440 664 aut
454 626 506 683 pro
520 609 609 674 sociis,
621 617 671 665 aut
685 609 722 665 dc
734 609 852 684 imperio
866 609 1054 686 gerebantur;
1069 609 1126 666 exi·

163 702 211 752 tus
224 704 304 753 erant
318 697 455 754 bellorum
469 706 519 754 aut
532 697 614 754 mites
629 706 679 754 aut
699 699 862 764 neccssarii;
883 717 992 776 regum,
1008 699 1126 776 populo-

163 803 236 853 rum,
245 786 389 842 nationum
403 795 503 862 portus
517 794 577 844 erat
588 793 617 844 et
630 787 770 864 refugium
783 795 915 854 senatus;
929 788 1017 844 nostri
1030 797 1127 846 autem
1141 795 1159 846 3

163 875 343 952 magistratus
361 876 602 952 imperatoresque
616 895 650 932 ex
665 877 717 932 hac
731 895 831 933 unare
846 878 998 934 maximam
1012 877 1128 934 laudem

163 982 265 1039 capere
278 964 439 1031 studebant,
455 965 478 1021 si
492 965 655 1042 provincias,
672 966 695 1021 si
708 966 797 1022 socios
819 968 951 1042 aequitate
965 974 994 1024 et
1007 966 1063 1024 fide
1077 966 1126 1024 de-

162 1053 323 1111 fendissent.
353 1055 538 1130 Itaque'illud
550 1055 735 1130 patrocinium
749 1056 824 1113 orbis
835 1063 919 1114 terrea
929 1057 1029 1122 verius,
1041 1075 1127 1133 quam
1141 1061 1160 1114 4

161 1141 309 1218 imperium
324 1151 437 1220 poterat
450 1144 593 1202 nominari.
636 1145 746 1200 Sensim
763 1145 836 1202 hanc
851 1145 1082 1203 consuetudinem
1097 1153 1159 1204 eto

162 1231 336 1308 disciplinam
348 1233 408 1308 jam
422 1233 634 1290 minuebamus:
655 1241 721 1310 post
735 1253 802 1290 vcro
816 1235 904 1291 Sullas
918 1235 1063 1292 victoriam
1077 1255 1126 1311 pe·

161 1320 236 1377 nitus
258 1322 409 1380 amisimus.
451 1322 581 1378 Desitum
603 1330 647 1379 est
667 1323 741 1379 enim
754 1323 842 1380 videri
862 1323 1013 1400 quicquam
1033 1325 1062 1381 in
1082 1330 1159 1381 so-ll

162 1410 219 1466 cios
233 1411 367 1487 iniquum,
384 1431 448 1468 cum
463 1412 602 1468 extitisset
616 1411 644 1467 in
658 1412 733 1469 cives
747 1420 827 1468 tanta
849 1413 1008 1470 crudelitas
1049 1414 1126 1491 Ergo
1142 1413 1158 1471 ’1

160 1499 189 1556 in
203 1501 251 1556 illo
261 1509 359 1558 secuta
372 1509 416 1558 est
429 1502 578 1558 honestam
592 1520 706 1558 causam
720 1520 775 1558 non
791 1503 910 1558 honesta
921 1503 1042 1560 victoria.
1075 1503 1127 1560 Est

162 1590 235 1647 enim
258 1609 344 1647 ausus
366 1583 468 1657 dicere,
483 1590 565 1647 hasta
586 1591 686 1668 posita,
703 1611 767 1649 cum
786 1593 860 1648 bona
874 1592 902 1648 in
916 1593 977 1649 foro
991 1592 1127 1650 venderet

161 1686 191 1736 et
204 1682 341 1738 bonorum
355 1680 486 1746 virorum,
498 1689 527 1736 et
540 1680 724 1756 locupletum,
739 1689 769 1737 et
783 1689 858 1738 certe
872 1682 983 1747 civium,
998 1682 1126 1759 praedam

161 1787 192 1826 se
205 1789 286 1826 suam
300 1769 430 1828 vendere.
472 1769 593 1826 Secutus
608 1778 659 1837 est,
675 1770 723 1846 qui
744 1771 772 1827 in
795 1789 880 1828 causa
901 1771 994 1848 impia,
1010 1772 1127 1828 victoria
1141 1778 1158 1829 8

161 1860 245 1916 etiam
259 1859 386 1926 loediore,
402 1879 457 1916 non
476 1860 650 1937 singulorum
672 1861 774 1918 civium
798 1863 872 1918 bona
893 1861 1057 1937 publicaret,
1074 1862 1126 1918 sed

161 1949 304 2005 universas
328 1950 483 2025 provincias
505 1949 690 2027 regionesque
712 1970 767 2006 uno
782 1951 949 2008 calamitatis
970 1952 1034 2028 jure
1049 1971 1125 2008 com-

162 2039 356 2114 prehenderet.
399 2039 507 2114 ltaque,
523 2039 630 2096 vexatis
645 2059 678 2096 ac
692 2041 808 2116 perditis
831 2041 933 2097 exteris
955 2041 1124 2108 nationibus,
1141 2047 1158 2098 9

161 2129 198 2184 ad
221 2128 382 2204 exemplum
403 2129 497 2184 amissi
518 2129 627 2204 imperii
648 2129 754 2205 portari
767 2129 794 2184 in
808 2130 952 2205 triumpho
973 2131 1126 2186 Massiliam

161 2217 290 2283 vidimus,
306 2225 335 2274 et
349 2236 384 2274 ex
398 2235 432 2274 ea
453 2217 523 2274 urbe
545 2219 723 2294 tn'umpbari,
739 2219 797 2274 sine
812 2237 868 2294 qua
881 2238 1025 2294 nunquam
1039 2219 1127 2276 nostri

161 2308 344 2384 imperatores
358 2326 393 2364 ex
407 2307 595 2384 Transalpinis
610 2308 689 2364 bellis
700 2308 918 2384 triumpharunt.
948 2309 1040 2366 Multa
1054 2327 1125 2384 prae·
1142 2314 1179 2366 10

161 2404 240 2454 terea
254 2415 503 2454 commemorarem
523 2397 629 2452 nefaria
643 2396 670 2452 in
685 2397 783 2462 socios,
799 2398 823 2454 si
836 2398 890 2454 boc
904 2417 962 2454 uno
975 2398 1126 2474 quicquam

162 2487 204 2544 sol
215 2487 329 2543 vidisset
339 2486 488 2563 indignius,
522 2487 541 2543 J
543 2505 593 2542 ure
604 2486 690 2562 igitur
701 2482 869 2563 plectimur.'
891 2487 952 2543 Nisi
967 2488 1040 2544 enim
1054 2487 1125 2543 mul-
1142 2492 1177 2544 11

163 2584 256 2633 torum
269 2575 407 2651 impunita
426 2577 532 2632 scelera
553 2575 722 2641 tulissemus,
738 2595 881 2652 nunquam
896 2577 932 2633 ad
946 2596 1034 2634 unum
1048 2585 1128 2633 tanta

162 2666 335 2742 pervenisset
358 2665 484 2722 licentia:
506 2683 523 2720 a
544 2684 600 2740 quo
620 2665 734 2741 quidem
750 2666 789 2722 rei
803 2665 944 2722 familiaris
959 2666 995 2722 ad
1011 2684 1126 2742 paucos,
1216 2654 1218 2659 ¹

163 2755 351 2832 cupiditatum
365 2754 402 2810 ad
417 2755 520 2811 multos
534 2755 678 2830 improbos
692 2755 769 2811 venit
791 2755 942 2812 hereditas.
984 2755 1045 2812 Nec
1060 2773 1127 2812 vero
1143 2760 1178 2812 12

162 2863 287 2920 unquam
302 2845 440 2900 bellorum
455 2844 576 2900 civilium
590 2863 686 2902 semen
700 2853 729 2900 et
743 2863 828 2901 causa
842 2845 940 2911 deerit,
953 2844 1022 2902 dum
1037 2845 1126 2902 homi-

162 2953 213 2992 nes
235 2934 337 3011 perditi
360 2935 470 2990 hastam
491 2934 567 2990 illam
575 2942 733 3006 cruentam
748 2941 776 2991 et
797 2935 974 2991 meminerint
988 2942 1017 2990 et
1031 2953 1127 3011 speru-

163 3025 242 3082 bunt.
273 3024 365 3092 Quam
379 3023 412 3080 P.
424 3023 504 3080 Sulla
514 3043 578 3080 cum
589 3024 734 3090 vibrasset,
746 3023 885 3080 dictatore
896 3023 1054 3100 propinquo
1065 3041 1127 3090 suo,

162 3113 238 3171 idem
261 3122 341 3170 sexto
363 3113 503 3170 tricesimo
525 3131 599 3169 anno
619 3120 685 3188 post
699 3132 716 3168 a
729 3113 906 3170 sceleratiore
920 3114 1002 3169 hasta
1015 3131 1070 3170 non
1083 3129 1128 3169 re·

164 3203 255 3260 cessit.
287 3203 371 3260 Alter
384 3211 489 3269 autem,
501 3203 549 3278 qui
561 3203 590 3258 in
604 3201 650 3258 illa
664 3202 805 3259 dictatura
819 3201 910 3258 scriba
923 3201 1024 3269 fuerat,
1036 3201 1064 3258 in
1075 3202 1128 3259 hac

163 3293 217 3349 fuit
231 3299 364 3368 quaestor
377 3293 510 3349 urbanus
551 3292 595 3348 Ex
613 3310 670 3368 quo
691 3292 776 3348 debet
797 3291 922 3368 intelligi,
937 3291 1042 3348 talibus
1056 3309 1127 3367 prae-
1144 3295 1180 3348 13

163 3382 226 3439 miis
240 3381 400 3459 propositis,
414 3399 559 3456 nunquam
580 3381 713 3438 defutura
733 3381 808 3438 bella
823 3380 920 3438 civilia.
962 3381 1064 3456 Itaque
1079 3399 1128 3456 pa·
1145 3384 1182 3436 14

164 3471 247 3528 rietes
269 3471 353 3528 modo
375 3469 451 3528 urbis
474 3477 550 3526 stant
570 3477 599 3528 et
619 3478 741 3536 manent,
756 3470 830 3546 iique
850 3470 904 3546 ipsi
921 3469 983 3546 jam
1003 3477 1139 3525 extrema

165 3559 271 3618 scelera
294 3567 471 3616 metuentes:
499 3578 558 3616 rem
582 3579 649 3617 vero
673 3560 815 3637 publicam
840 3559 952 3636 penitus
976 3557 1128 3614 amisimus.

164 3649 262 3726 Atque
276 3649 305 3706 in
319 3649 371 3706 has
386 3649 480 3707 clades
500 3649 649 3706 incidimus
664 3648 853 3728 (redeundum
867 3655 911 3704 est
924 3647 998 3704 enim
1012 3644 1049 3702 ad
1064 3663 1128 3723 pro-
1145 3651 1181 3706 15

164 3737 311 3817 positum),
335 3737 405 3796 dum
427 3738 525 3806 metui,
545 3757 632 3815 quam
655 3739 712 3795 can'
735 3757 798 3796 esse
822 3743 851 3794 et
871 3735 951 3814 diligi
969 3733 1129 3794 maluimus.

655 3825 695 3884 g*
