2648 4288
135 315 173 370 52
548 323 585 362 na
607 322 735 363 ormena

186 453 426 512 animadversores
434 451 575 518 vitiorum,
586 470 690 528 magna
704 444 781 527 saepe
794 449 987 526 intelligemus
1000 468 1036 508 ex
1046 449 1161 526 parvis.

154 550 171 602 2
186 545 230 602 Ex
240 543 385 601 oculorum
396 543 507 607 obtutu,
518 559 552 598 ex
566 541 778 617 superciliorum
788 548 839 596 aut
849 539 1010 596 remissione
1020 547 1070 596 aut
1085 559 1162 598 con-

185 633 330 698 tractione,
351 651 387 688 ex
410 629 552 696 moestitia,
571 649 607 686 ex
627 629 776 696 hilaritate,
798 647 833 686 ex
857 628 924 694 risu,
946 647 981 686 ex
1001 629 1160 696 locutione,

186 741 222 780 ex
241 721 395 787 reticentia,
415 738 450 777 ex
469 719 647 777 contentione
660 717 737 775 vocis
751 724 780 775 et
793 718 987 784 submissione,
1002 737 1036 775 ex
1051 717 1161 776 ceteris

186 811 321 868 similibus
344 809 424 866 facile
443 808 645 886 judicabimus,
661 807 730 884 qnid
750 826 850 864 eorum
869 816 937 884 apte
951 808 1009 874 fiat,
1024 806 1092 884 quid
1114 808 1159 865 ab

185 899 275 957 officio
288 905 446 973 naturaque
463 896 614 973 discrepet.

153 995 171 1047 3
226 986 332 1056 Quoia
345 1004 450 1063 genere
464 991 576 1043 nonest
590 985 809 1053 incommodum,
820 985 904 1062 quale
915 985 1039 1062 quidque
1053 1004 1157 1044 corum

185 1077 230 1143 sit,
246 1095 281 1134 ex
294 1075 355 1132 aliis
366 1075 503 1152 judicare,
514 1083 555 1142 ut,
567 1075 592 1132 si
604 1075 673 1152 quid
684 1075 822 1132 dedeceat
834 1075 864 1132 in
877 1075 938 1142 illis,
953 1076 1074 1134 vitemus
1087 1075 1153 1152 ipsi.

152 1171 171 1223 4
186 1167 232 1224 Fit
246 1165 319 1224 enim
333 1165 427 1222 nescio
441 1163 594 1240 quomodo,
609 1170 643 1220 ut
656 1165 745 1242 magis
764 1164 794 1221 in
814 1165 874 1222 aliis
894 1184 1050 1230 cernamus,
1065 1183 1155 1242 quam

153 1263 170 1315 5
185 1256 213 1314 in
227 1255 367 1314 nobismet
381 1254 458 1331 ipsis,
468 1253 492 1312 si
505 1253 573 1330 quid
588 1253 768 1330 delinquitur.
804 1254 907 1330 Itaque
921 1253 1052 1312 facillime
1066 1255 1152 1312 corri-

183 1353 291 1424 guntur
303 1345 332 1402 in
345 1344 488 1412 discendo,
504 1363 626 1420 quorum
639 1343 706 1400 vitia
725 1343 870 1401 imitantur
883 1343 1053 1402 emendandi
1065 1362 1154 1402 causa

184 1434 320 1512 magistri.

153 1530 171 1584 θ
225 1525 286 1582 Neo
300 1543 368 1582 vero
390 1523 513 1580 alienum
533 1530 585 1590 est,
601 1522 638 1579 ad
653 1541 687 1579 ea
701 1521 842 1600 eligenda,
858 1541 923 1600 quae
947 1521 1155 1582 dubitationem

184 1613 313 1680 affonmt‚
329 1613 463 1670 adhibere
478 1612 578 1670 doctos
592 1612 729 1680 homines,
744 1612 890 1670 ueletiam
908 1631 963 1670 usu
983 1613 1097 1690 peritos,
1111 1620 1154 1682 et,

153 1702 170 1761 'l
185 1702 254 1780 qnid
266 1702 299 1760 iis
314 1702 350 1759 de
364 1719 478 1777 quoque
499 1700 581 1758 officii
601 1719 705 1778 genere
729 1701 848 1779 placeat,
863 1702 1017 1778 exquirere.
1058 1702 1155 1778 Major

185 1792 259 1850 enim
274 1809 340 1868 pars
354 1809 388 1848 eo
401 1789 459 1848 fere
474 1789 577 1847 deferri
591 1790 672 1858 solet,
687 1810 744 1868 quo
758 1809 776 1848 a
788 1799 890 1848 natura
910 1792 972 1868 ipsa
992 1791 1153 1852 deducitur.

185 1882 221 1938 In
234 1881 336 1957 quibus
349 1879 504 1936 videndum
524 1886 576 1947 est,
591 1899 647 1936 non
666 1879 753 1938 modo
773 1880 842 1956 quid
864 1881 983 1958 quisque
1010 1881 1154 1958 loquetur,

185 1971 236 2028 sed
258 1969 343 2028 etiam
365 1968 434 2046 quid
454 1969 574 2046 quisque
596 1969 708 2036 sentiat,
724 1976 811 2046 atque
832 1969 917 2028 etiam
940 1989 997 2047 qua
1017 1969 1054 2028 de
1068 1989 1156 2028 causa

153 2067 171 2119 8
186 2059 305 2137 quisque
319 2058 429 2116 sentiat.
459 2058 501 2116 Ut
511 2058 585 2116 enim
597 2059 728 2135 pictores
739 2066 768 2116 et
778 2059 805 2126 ii,
815 2059 864 2136 qui
878 2059 959 2136 signa
968 2060 1153 2128 fabricantur,

184 2157 294 2207 atvero
308 2147 394 2206 ctiam
412 2155 515 2224 poetae,
531 2167 615 2205 suum
629 2147 747 2224 quisque
761 2167 835 2225 opus
849 2149 968 2226 evulgo
982 2150 1154 2208 considerari

185 2239 255 2307 vult,
270 2245 312 2305 ut,
327 2238 351 2296 si
370 2237 439 2314 quid
458 2238 661 2315 reprehensum
673 2293 675 2300 ,
686 2237 723 2294 sit
743 2256 760 2294 a
780 2237 917 2314 pluribus,
932 2238 961 2296 id
975 2240 1152 2318 corrigatur;

184 2329 270 2405 hique
283 2335 312 2386 et
326 2345 431 2394 secum,
447 2334 477 2384 et
490 2346 556 2384 cum
569 2327 638 2393 aliis,
654 2327 723 2404 quid
736 2327 765 2384 in
779 2345 814 2384 eo
828 2335 978 2404 peecatum
993 2329 1039 2396 sit,
1054 2329 1152 2406 exqui-

184 2425 269 2476 runt:
291 2417 330 2476 sic
344 2416 462 2474 aliorum
475 2416 583 2492 judicio
603 2417 746 2492 permulta
759 2416 841 2475 nobis
856 2418 1038 2486 olfacienda,
1053 2425 1083 2478 et
1095 2438 1152 2478 non

185 2506 322 2573 facienda,
338 2511 367 2563 et
381 2505 527 2572 mutanda,
542 2513 571 2562 et
585 2505 753 2582 corrigenda
768 2514 842 2564 sunt.

154 2602 171 2656 9
226 2597 299 2664 Ques
324 2613 391 2652 vero
418 2612 498 2652 more
524 2601 647 2671 agentur
673 2595 864 2672 institutisque
891 2596 1027 2664 civilibus,
1055 2597 1092 2655 de
1119 2597 1151 2656 iis

135 2692 173 2746 10
187 2686 254 2744 nibil
270 2690 314 2741 est
325 2682 556 2760 praecipiendum.
598 2683 652 2742 Illa
666 2684 740 2741 enim
754 2685 816 2762 ipsa
830 2693 977 2763 praecepta
991 2693 1065 2744 sunt.
1089 2687 1150 2744 Neo
1212 2707 1220 2724 ‘

187 2790 360 2852 quemquam
379 2772 434 2828 boc
449 2790 542 2828 errore
557 2771 624 2830 duei
643 2780 765 2850 oportet,
780 2781 820 2842 ut,
837 2774 941 2851 siquid
956 2775 1087 2834 Socrates
1101 2783 1151 2834 aut

186 2862 353 2938 Aristippus
368 2868 465 2918 contra
479 2879 586 2918 moram
601 2863 889 2940 consuetudinemque
904 2864 1011 2922 civilem
1026 2864 1149 2931 fecerint,

136 2959 171 3013 11
187 2953 310 3012 locutive
324 2951 388 3018 sint,
403 2949 478 3008 idem
493 2950 545 3007 sibi
559 2951 712 3008 arbitretur
726 2952 817 3010 licere.
859 2953 971 3030 Magnis
986 2953 1026 3011 illi
1039 2961 1068 3010 et
1082 2954 1150 3011 divi·

186 3042 230 3100 nis
253 3041 332 3100 bonis
354 3041 428 3098 hanc
455 3040 597 3098 licentiam
618 3042 849 3116 assequebantur.
892 3041 1063 3119 Cynicorum
1084 3061 1150 3100 vero

135 3131 257 3189 larario
278 3138 339 3188 tota
358 3137 402 3188 est
423 3129 570 3207 ejicienda.
613 3129 665 3187 Est
679 3131 753 3188 enim
768 3131 878 3188 inimica
892 3132 1077 3200 verecundiae,
1092 3132 1150 3190 sine

188 3238 245 3297 qua
265 3219 331 3276 nihil
352 3226 462 3276 rectum
482 3237 544 3276 esse
568 3226 672 3294 potest,
686 3219 754 3276 nibil
775 3221 933 3278 honestum.
974 3222 1032 3278 Eos
1046 3230 1150 3290 autem,

187 3327 309 3386 quorum
323 3307 381 3366 vita
402 3316 553 3384 perspecta
572 3309 600 3364 in
622 3309 708 3366 rebus
728 3310 853 3366 honestis
873 3318 959 3386 atque
973 3312 1084 3388 magnis
1098 3320 1149 3380 est,

187 3399 261 3458 bene
275 3397 312 3454 de
325 3417 356 3454 re
370 3396 483 3473 publiea
497 3397 657 3465 sentientes
673 3415 706 3454 ac
721 3399 793 3456 bene
807 3399 921 3456 meritos
936 3407 986 3456 aut
999 3409 1148 3468 merentes,
1189 3412 1194 3424 '

186 3488 235 3554 sic,
249 3494 282 3544 ut
301 3487 395 3563 aliquo
417 3486 523 3542 honore
545 3493 596 3542 aut
621 3486 739 3563 imperio
759 3488 883 3556 affectos,
898 3489 1048 3546 observare
1062 3497 1091 3546 et
1105 3509 1150 3547 co

185 3576 243 3636 lere
257 3577 410 3635 debemus:
432 3575 555 3634 tribuere
569 3576 654 3632 etiam
674 3577 794 3634 multum
816 3577 971 3634 senectuti:
995 3578 1095 3635 cedere
1109 3579 1148 3646 iis,

186 3666 235 3742 qui
253 3667 451 3744 magistratum
471 3665 635 3724 habebunt:
657 3666 763 3724 habere
784 3667 927 3724 delectum
947 3667 1014 3724 civis
1028 3675 1057 3724 et
1070 3685 1148 3744 pere·
