2648 4288
175 335 214 392 40
385 399 389 408 ¹
588 351 626 392 nn
641 351 771 392 osricus

226 478 311 536 detur
323 479 456 538 habuisse
469 481 623 540 rationem:
644 499 710 557 quae
723 482 843 538 formam
853 487 978 538 nostram
991 478 1193 558 reliquamque
1286 539 1287 553 ¹

225 569 356 646 liguram,
368 569 464 646 inqua
476 579 552 628 esset
564 571 814 648 specieshonesta,
825 589 888 628 eam
898 570 992 646 posuit
1001 570 1031 627 in
1041 580 1191 648 promptu,

225 677 291 735 quae
314 645 410 744 partes
433 667 530 718 autem
553 660 679 737 corporis
699 660 736 716 ad
758 666 867 718 naturae
894 659 1094 717 necessitatem
1113 661 1191 718 data
1281 656 1284 664 ⁴

224 756 374 825 aspectum
386 758 482 807 essent
495 748 652 807 deformem
667 750 807 806 babiturae
820 757 906 826 atque
920 756 1043 826 turpem,
1058 768 1110 806 eas
1124 770 1189 808 con·
1278 744 1286 757 '

192 841 210 895 4
224 839 295 896 texit
307 846 395 914 atque
407 839 526 898 abdidit.
567 839 649 897 Hanc
666 849 776 896 natura
793 847 853 896 tam
866 839 1030 916 diligentem
1048 839 1188 898 fabricam

223 927 333 986 imitata
351 933 396 986 est
413 929 561 986 hominum
579 928 804 986 verecundia.
845 928 917 997 Qua
930 928 1004 985 enim
1021 935 1127 988 natm-a
1143 949 1188 987 oc-

225 1019 352 1086 cultavit,
366 1018 466 1076 eadem
487 1037 592 1084 omnes,
607 1018 657 1094 qui
677 1037 746 1076 sana
769 1025 863 1076 mente
885 1025 959 1085 sunt,
979 1027 1129 1076 removent
1151 1020 1188 1077 ab

223 1108 330 1166 oculis:
351 1108 462 1185 ipsique
474 1108 633 1166 necessitati
646 1109 718 1166 dant
730 1127 846 1186 operam
858 1115 892 1166 ut
901 1125 988 1184 quam
997 1109 1187 1166 occultissime
1276 1156 1281 1171 .

223 1203 358 1276 pareant:
379 1216 557 1275 quarumque
571 1199 695 1275 partium
713 1197 838 1275 corporis
856 1216 924 1254 usus
940 1204 1007 1254 sunt
1025 1200 1186 1266 necessarii,

223 1306 272 1346 eas
292 1307 384 1365 neque
406 1295 503 1364 partes
522 1306 615 1365 neque
635 1306 734 1346 earum
753 1307 822 1344 usus
840 1286 897 1344 suis
915 1287 1073 1344 nominibus
1087 1290 1187 1365 appel-

223 1377 299 1436 lant:
320 1379 455 1454 quodque
468 1377 564 1435 facere
577 1385 661 1455 turpe
674 1396 731 1436 non
745 1384 797 1446 est,
813 1377 900 1435 modo
913 1377 1032 1444 occulte,
1047 1377 1076 1434 id
1091 1377 1187 1436 dicere

191 1477 209 1526 5
223 1469 390 1526 obscoenum
403 1474 455 1524 est.
490 1467 593 1544 Itaque
606 1486 659 1525 nec
672 1475 772 1548 aperta
784 1467 859 1524 actio
871 1485 966 1524 rerum
979 1466 1091 1524 illarum
1101 1475 1186 1543 petu-

191 1557 311 1614 blantia
331 1563 423 1623 vacat,
444 1575 496 1614 nec
519 1557 651 1614 orationis
672 1557 851 1616 obscoenitas.
892 1557 954 1614 Nec
967 1575 1035 1613 vero
1052 1557 1187 1614 audiendi
1246 1621 1253 1636 ,

223 1654 290 1704 sunt
311 1646 420 1724 Cynici,
434 1655 485 1706 aut
506 1647 530 1704 si
548 1648 598 1724 qui
618 1647 733 1706 luerunt
753 1647 840 1706 Stoici
859 1665 941 1725 paene
955 1647 1064 1724 Cynici,
1078 1648 1129 1724 qui
1141 1667 1186 1706 re-

223 1737 403 1814 prehendunt
427 1744 457 1794 et
479 1736 604 1805 irrident,
624 1738 703 1814 quod
722 1757 765 1805 ea,
785 1756 851 1815 quae
873 1755 904 1794 re
925 1737 1020 1814 turpia
1038 1756 1095 1794 non
1119 1739 1185 1806 sint,

223 1827 381 1885 nominibus
390 1845 424 1884 ac
432 1826 525 1884 verbis
539 1826 679 1904 flagitiosa
692 1826 847 1886 ducamus:
868 1826 1111 1904 dicentemque
1124 1835 1187 1886 tur-

192 1915 209 1974 '7
224 1916 272 1994 pia
284 1915 348 1983 sint,
363 1916 521 1974 nominibus
541 1917 719 1994 appellemus
739 1916 805 1974 suis.
846 1915 1027 1983 Latrocinari,
1041 1916 1185 1986 fraudare,

223 2006 392 2073 adulterare,
413 2025 444 2064 re
464 2013 548 2084 turpe
572 2013 625 2072 est,
646 2005 698 2064 sed
718 2006 821 2064 dicitur
839 2024 897 2062 non
916 2006 1068 2063 obscoene:
1089 2006 1185 2065 liberis

223 2095 291 2156 dare
314 2115 440 2174 operam,
460 2115 492 2155 re
513 2097 665 2154 honestum
687 2103 739 2165 est,
758 2095 869 2158 nomine
882 2095 1065 2154 obscoenum:
1087 2096 1184 2174 plura-

223 2206 280 2264 que
293 2187 322 2244 in
335 2206 399 2245 eam
412 2186 580 2246 sententiam
594 2185 631 2244 ab
645 2185 751 2243 eisdem
765 2192 864 2243 contra
873 2185 1071 2242 verecundiam
1085 2186 1183 2264 dispu-

191 2284 328 2336 arantur.
370 2278 431 2336 Nos
452 2285 549 2335 autem
569 2281 700 2334 astruam
718 2293 878 2352 sequamur,
899 2281 929 2332 et
948 2275 986 2332 ab
1006 2275 1089 2342 omni,
1105 2276 1183 2352 quod

222 2367 357 2426 abhorret
378 2368 415 2425 ab
438 2368 585 2425 oculorum
605 2365 772 2442 auriumque
795 2364 1006 2442 approbatione,
1031 2365 1181 2443 fugiamus.

222 2456 330 2525 Status,
354 2457 489 2524 incessus,
514 2455 609 2526 sessio,
634 2455 783 2522 accubitio,
808 2455 913 2522 vultus,
938 2455 1021 2522 oculi,
1045 2474 1183 2514 manuum

189 2552 325 2614 9motus,
340 2553 454 2605 teneant
467 2546 691 2605 illuddecorum.
727 2545 838 2614 Quibus
851 2544 974 2602 inrebus
989 2544 1047 2602 duo
1060 2545 1182 2604 maxime
1295 2579 1296 2582 ι

221 2643 288 2694 eunt
311 2635 455 2714 fugienda,
476 2653 512 2692 ne
534 2635 603 2712 quid
623 2635 815 2693 effeminatum
836 2640 887 2691 ant
906 2635 1044 2702 melleet
1063 2635 1182 2711 nequid

170 2729 208 2783 10
223 2725 327 2781 durum
337 2731 387 2781 aut
400 2723 538 2782 rusticum
552 2725 596 2782 sit.
624 2725 654 2782 N
655 2743 686 2782 ec
697 2743 764 2782 vero
774 2723 953 2782 histrionibus
967 2725 1182 2802 oratoribusque

221 2812 434 2870 concedendum
460 2820 512 2880 est,
536 2821 571 2872 ιιι
597 2814 630 2872 iis
656 2815 718 2872 hec
746 2821 816 2891 apta
839 2813 903 2881 sint,
925 2814 1007 2872 nobis
1034 2814 1181 2874 dissoluta.

169 2909 204 2961 11
221 2903 402 2961 Scenitarum
412 2901 527 2979 quidem
541 2923 603 2961 mos
616 2911 725 2961 tantam
738 2904 826 2962 habet
836 2911 932 2961 vetere
941 2903 1088 2980 disciplina¹
1101 2923 1181 2962 vere·
1294 2942 1296 2972 e

169 3000 205 3052 12
220 2992 360 3060 cundiam,
374 2999 407 3050 ut
420 2991 448 3049 in
462 3011 576 3050 scenam
590 2993 649 3051 sine
663 2993 840 3072 subligaculo
854 2993 975 3070 prodeat
987 3011 1080 3052 nemo.
1122 2995 1181 3052 Ve-

218 3090 317 3141 rentur
339 3083 421 3151 enim,
442 3102 487 3152 ne,
511 3083 535 3142 si
556 3103 613 3161 quo
636 3103 706 3142 casu
729 3083 860 3149 evenerit,
882 3089 915 3139 ut
935 3084 1059 3160 corporis
1083 3091 1181 3160 partes

168 3179 203 3231 13
219 3173 350 3249 quaedam
364 3174 532 3251 aperiantur,
548 3173 720 3251 aspiciantur
732 3192 789 3230 non
798 3172 908 3230 decore.
942 3172 1050 3230 Nostro
1064 3173 1180 3249 quidem

218 3280 297 3319 more
318 3282 384 3320 cum
407 3264 570 3339 parentibus
591 3265 712 3341 puberes
732 3262 789 3329 filii,
805 3281 870 3319 cum
890 3262 992 3320 soceris
1012 3263 1109 3340 generi
1122 3281 1180 3320 non
1230 3317 1237 3330 ,

169 3352 357 3410 relevantur.
398 3351 557 3409 Retinenda
578 3352 665 3430 igitur
687 3360 732 3412 est
754 3353 841 3430 hujus
864 3352 976 3430 generis
999 3352 1178 3420 verecundia,

217 3441 374 3522 praesertim
386 3448 488 3498 natura
501 3441 564 3518 ipsa
577 3441 713 3518 magistra
727 3448 757 3499 et
770 3441 851 3500 duce.

255 3620 391 3679 XXXVI.
414 3619 489 3676 Cum
502 3625 598 3676 autem
617 3619 898 3698 pulchritudinis
912 3619 971 3677 duo
991 3638 1098 3697 genera
1111 3619 1174 3687 sint,
1289 3618 1290 3635 ¹

216 3729 336 3788 quorum
349 3710 376 3768 in
390 3710 481 3768 altero
487 3716 621 3767 venustas
634 3709 679 3776 sit,
690 3709 719 3766 in
731 3709 822 3766 altero
835 3708 977 3786 dignitas;
998 3716 1174 3769 venustatem
