2750 4284
200 351 239 408 98
621 361 657 402 na
672 361 800 404 osricus

251 492 393 570 opposuit,
419 491 543 578 speciem
566 491 722 550 honestatis
744 509 836 568 neque
862 491 1045 568 probabilem,
1069 512 1123 550 neo
1150 509 1234 551 sane

251 582 389 640 idoneam.
430 580 565 638 Peccavit
577 580 671 658 igitur,
686 599 758 657 pace
771 581 816 638 vel
831 580 937 649 Quirini
951 583 996 638 vel
1010 583 1124 640 Romuli
1139 583 1229 640 dixe·

220 671 312 728 trim.
354 670 416 726 Nec
441 677 536 726 tamen
560 677 665 726 nostra
688 670 771 728 nobis
794 671 929 728 utilitates
953 671 1118 729 omittendae
1139 679 1227 738 sunt,

251 759 368 834 aliisque
387 757 544 824 tradendae,
565 777 631 816 curn
650 759 695 816 his
714 759 768 836 ipsi
787 777 941 836 egeamus:
962 761 1013 818 aed
1033 779 1093 818 sure
1114 761 1226 836 cuique
1331 752 1332 757 ’

220 847 237 906 'l
251 848 372 914 utilitati,
382 847 460 925 quod
473 847 532 905 sine
546 848 661 906 alterius
674 848 775 925 injuria
789 849 846 915 fiat,
856 849 1034 906 serviendum
1048 856 1101 908 est.
1136 850 1225 907 Scite

252 937 440 1014 Chrysippus,
454 943 487 994 ut
510 937 616 994 multa:
639 937 694 1006 Qui
716 938 850 1003 stadium,
871 938 968 1013 inquit,
985 937 1080 1004 currit,
1096 939 1166 995 eniti
1188 946 1225 996 et

251 1026 422 1084 contendere
435 1025 529 1092 debet,
544 1043 631 1100 qnam
644 1026 765 1084 maxime
784 1027 880 1103 possit,
895 1034 928 1084 nt
947 1027 1042 1084 vincat
1050 1044 1060 1094 ;
1080 1027 1221 1104 supplan·

250 1122 313 1173 tare
335 1134 409 1182 aum,
424 1115 538 1192 quicum
559 1121 657 1182 certet,
679 1122 729 1172 eut
750 1134 838 1172 manu
859 1116 1008 1192 depellere,
1029 1116 1108 1173 nullo
1129 1117 1221 1174 modo

252 1204 347 1262 debet.
389 1204 435 1262 Sic
450 1205 478 1260 in
492 1204 550 1260 vita
563 1201 616 1260 sibi
636 1223 778 1280 quemque
799 1210 906 1281 petere,
920 1204 997 1281 quod
1018 1205 1157 1280 pertineat
1178 1205 1219 1262 ad

251 1313 346 1362 usum,
359 1313 416 1351 non
429 1294 556 1369 iniquum
570 1299 631 1358 est;
653 1292 734 1350 alteri
748 1293 885 1369 deripere,
898 1293 946 1370 jus
960 1300 1081 1352 nonest.

220 1389 238 1440 8
291 1383 415 1440 Maxime
438 1391 534 1440 antem
561 1383 764 1458 perturbantur
788 1382 878 1439 officia
897 1383 926 1438 in
946 1382 1092 1450 amicitiis;
1112 1383 1219 1458 quibus

252 1479 282 1530 et
295 1491 351 1530 non
364 1474 496 1537 tribuere,
511 1472 589 1546 quod
603 1478 679 1528 reete
700 1471 799 1548 possis,
815 1478 845 1528 et
864 1471 997 1539 tribuere,
1011 1472 1088 1548 quod
1109 1491 1165 1529 non
1180 1473 1217 1528 sit

220 1567 238 1618 9
254 1579 377 1636 aequum,
392 1566 490 1617 contra
503 1559 625 1616 officium
639 1567 690 1616 est.
732 1559 790 1616 Sed
803 1561 890 1637 hujus
904 1561 1014 1638 generis
1028 1561 1114 1618 totins
1129 1561 1217 1618 breve

252 1656 281 1706 et
301 1667 357 1706 non
379 1648 489 1706 difficile
511 1655 688 1725 praeceptum
711 1656 762 1707 eat.
804 1649 876 1717 Qua
896 1651 970 1707 enim
983 1649 1114 1707 videntur
1126 1650 1216 1718 utilia,

250 1737 381 1803 honores,
405 1736 517 1803 divitiae,
540 1737 713 1812 voluptates,
738 1745 833 1796 cetera
856 1739 967 1816 generis
988 1738 1126 1816 ejusdem,
1152 1741 1215 1797 haec

201 1831 238 1888 10
252 1826 381 1886 amicitiae
394 1844 539 1902 nunquam
553 1827 752 1902 anteponenda
765 1835 840 1885 sunt.
880 1827 924 1884 At
937 1845 1030 1904 neque
1044 1835 1141 1886 contra
1154 1847 1216 1886 rem

252 1915 405 1994 publicam,
420 1932 510 1990 neque
525 1922 623 1972 contra
634 1916 682 1991 jus
700 1916 854 1992 jurandum
868 1935 901 1973 ec
915 1917 1010 1984 fidem,
1025 1917 1106 1975 amici
1120 1935 1214 1984 causa,

251 2005 398 2063 virbonus
411 2004 513 2072 saciet;
533 2021 570 2061 ne
584 2005 608 2061 si
618 2004 709 2081 judex
719 2005 834 2081 quidem
843 2006 897 2062 erit
907 2005 943 2062 de
954 2005 1016 2083 ipso
1029 2007 1126 2064 amico.
1157 2005 1213 2063 Po·

201 2101 236 2154 11
252 2094 293 2152 nit
307 2095 380 2152 enim
396 2113 545 2172 personam
559 2093 650 2162 amici,
665 2113 731 2150 cum
744 2094 835 2152 induit
846 2094 960 2171 judicis.
1002 2095 1124 2152 Tantum
1135 2095 1215 2152 dabit

253 2184 391 2251 amicitiae,
406 2190 439 2241 ut
452 2202 548 2240 veram
561 2183 643 2240 amici
656 2201 771 2240 causam
791 2201 852 2239 esse
866 2183 964 2240 malit:
984 2190 1018 2240 ut
1031 2184 1145 2241 orandae
1158 2184 1214 2242 litis

200 2279 237 2334 12
252 2281 374 2351 tempas,
389 2271 485 2349 quoad
500 2291 551 2348 per
561 2273 639 2348 leges
653 2272 744 2338 liceat,
755 2273 958 2330 accommodet.
1001 2273 1075 2330 (lum
1089 2291 1155 2330 vero
1166 2273 1212 2350 ju·

251 2371 314 2422 rato
327 2361 466 2420 sententia
479 2360 600 2419 dicenda
619 2361 664 2428 sit,
679 2360 843 2428 meminerit,
859 2361 945 2419 deum
966 2381 997 2419 se
1017 2361 1151 2420 adhibere
1171 2370 1212 2419 te·

252 2460 334 2519 stem,
348 2451 378 2509 id
400 2459 453 2518 est,
474 2459 507 2508 ut
528 2469 583 2528 ego
604 2450 733 2517 arbitror,
748 2457 874 2508 mentem
894 2469 1056 2528 suamque
1075 2452 1143 2509 nihil
1162 2453 1211 2509 ho·

201 2549 237 2603 13
253 2543 320 2600 mini
333 2541 412 2600 dedit
425 2541 496 2598 deus
516 2540 577 2617 ipse
592 2539 719 2597 divinius
762 2540 863 2614 Itaque
878 2540 1044 2616 praeclarum
1064 2559 1082 2596 a
1101 2541 1210 2617 majori·

252 2633 305 2690 bus
326 2631 486 2708 accepimus
509 2647 617 2686 morem
639 2629 759 2706 rogandi
780 2628 892 2704 judicis,
913 2629 937 2686 si
960 2647 1026 2686 eum
1046 2636 1210 2697 teneremus,

253 2739 315 2796 qece
328 2722 406 2776 salua
422 2719 483 2792 fide
496 2720 591 2792 faeere
605 2721 704 2791 poscit.
746 2718 817 2775 Haec
837 2718 948 2796 rogatio
968 2717 1006 2776 ad
1026 2735 1060 2776 ea
1080 2719 1209 2796 pertinet,

252 2827 317 2886 quae
331 2808 417 2884 paulo
431 2814 496 2862 ente
510 2806 568 2864 dixi
581 2807 699 2865 honeste
720 2809 810 2865 amico
830 2827 847 2864 e
867 2807 963 2885 judice
985 2825 1070 2884 posse
1089 2808 1208 2866 concedi.

201 2903 238 2958 14
252 2899 327 2955 Nam
349 2897 372 2954 si
392 2895 484 2960 omnia
504 2894 633 2952 iacienda
653 2896 718 2964 sint,
739 2915 804 2973 quae
827 2897 908 2955 amici
922 2897 1025 2954 velint:
1046 2916 1103 2954 non
1121 2897 1208 2954 amici-

202 2995 237 3049 15
252 2989 300 3048 tiae
322 2987 402 3056 tales,
426 2985 477 3044 sed
497 2985 704 3062 conjurationes
724 2987 861 3064 putandae
880 2987 943 3044 sint.
985 2987 1099 3063 Loquor
1118 2992 1210 3044 eutem

253 3077 289 3136 de
304 3078 498 3136 communibus
509 3075 642 3134 amicitiis.
678 3075 753 3133 Nem
767 3077 795 3134 in
809 3077 982 3154 sapientibus
992 3077 1057 3133 viris
1071 3076 1210 3154 perlectis-

202 3173 239 3226 16
252 3186 308 3244 que
321 3168 390 3224 nihil
404 3175 499 3244 potest
512 3186 573 3228 ease
587 3167 652 3224 tale.
695 3166 853 3223 Damonem
863 3174 893 3224 et
906 3167 1056 3234 Phintiam,
1068 3167 1209 3242 Pythago

252 3275 324 3322 reos,
338 3256 434 3312 ferunt
446 3257 501 3313 hoc
515 3257 607 3314 animo
628 3256 700 3313 inter
713 3275 744 3313 se
764 3256 859 3322 fuisse,
874 3263 915 3324 ut,
937 3275 1002 3313 cum
1022 3275 1121 3312 eorum
1134 3255 1210 3312 alteri

254 3345 406 3422 Dionysius
419 3333 557 3420 tyrannus
572 3345 645 3402 diem
666 3345 742 3402 necis
756 3345 961 3412 destinavisset,
980 3352 1010 3402 et
1023 3345 1055 3412 is,
1070 3345 1119 3422 qui
1132 3343 1210 3401 morti

254 3435 385 3492 addictus
406 3441 490 3501 esset,
512 3451 618 3510 paucos
638 3434 690 3491 sibi
712 3434 772 3492 dies
793 3434 1081 3492 commendandorum
1100 3451 1209 3490 suorum

171 3573 179 3584 ,
254 3543 339 3583 causa
353 3524 570 3602 postulavisset:
592 3542 642 3580 vas
656 3523 749 3580 lactus
763 3531 807 3580 est
820 3525 892 3581 alter
906 3523 969 3600 ejus
983 3523 1116 3589 sistendi;
1137 3529 1175 3588 ut,
1188 3521 1210 3578 si

203 3613 240 3673 17
254 3615 300 3672 ille
314 3627 371 3672 non
384 3613 553 3680 revertisset,
565 3612 741 3670 moriendum
755 3619 830 3670 esset
844 3612 904 3689 ipsi.
940 3613 996 3680 Qui
1010 3632 1075 3670 cum
1089 3612 1127 3669 ad
1141 3611 1209 3668 diem

255 3721 286 3764 ae
299 3702 460 3778 recepisset,
474 3701 628 3759 admiratus
642 3720 740 3758 eorum
754 3701 840 3758 fidem
853 3707 999 3777 tyrannus,
1015 3701 1123 3777 petivit,
1138 3707 1169 3758 ut
1181 3717 1208 3756 so
