2648 4288
474 383 591 422 maner.
633 382 699 424 osa.
714 383 783 432 xm,
798 383 878 422 xrrn.
1125 369 1165 426 ὅθ

148 511 236 590 grini:
257 511 286 570 in
309 511 428 590 ipsoque
448 513 606 591 peregrino,
623 512 798 590 privatimne,
812 530 849 568 an
869 511 983 588 publice
995 509 1111 570 venerit

148 600 199 658 Ad
212 621 360 668 summam,
375 621 410 660 ne
424 621 507 680 agam
522 603 558 660 de
572 602 698 681 singulis,
711 619 888 660 communem
902 601 989 658 totius
1002 601 1112 678 generis
1127 606 1164 660 13

148 690 294 748 bominum
308 691 531 750 conciliationem
543 698 573 748 et
587 692 822 749 consociationem
842 691 944 759 colere,
958 691 1040 758 tueri,
1055 709 1113 749 ser·

149 797 216 838 rare
229 780 376 840 debemus.
931 783 933 788 '

188 959 279 1016 XLII.
301 959 368 1017 Jam
378 959 415 1017 de
426 959 548 1016 artificiis
558 966 588 1016 et
598 958 764 1036 quaestibus,
776 958 824 1035 qui
836 957 966 1016 liberales
979 959 1112 1027 habendi,
1172 964 1222 1016 1²50

148 1048 196 1123 qui
209 1049 315 1106 sordidi
328 1049 393 1116 sint,
408 1050 471 1106 haro
485 1050 543 1106 fere
557 1049 727 1125 accepimus.
770 1048 900 1105 Primum
917 1049 1145 1127 improbantur2

147 1137 313 1214 iiquaestus,
331 1139 380 1216 qui
403 1139 432 1196 in
453 1139 518 1197 odia
539 1138 684 1195 hominum
707 1138 860 1205 incurrunt,
878 1145 912 1195 ut
936 1137 1112 1216 portitorum,

147 1233 180 1283 ut
193 1228 393 1286 feneratorum.
436 1227 592 1286 Illiberales
615 1235 712 1283 autem
730 1233 760 1282 et
777 1226 883 1284 sordidi
897 1235 1026 1303 quaestus
1040 1233 1145 1286 mer-8
1182 1239 1185 1246 “

148 1317 322 1373 cenariorum
336 1317 469 1383 omnium,
481 1335 601 1392 quorum
615 1334 721 1393 operae,
731 1333 788 1382 non
799 1333 919 1391 quorum
929 1324 1004 1373 artes
1015 1335 1112 1374 emun-

148 1411 203 1462 tur.
245 1405 298 1462 Est
311 1407 386 1462 enim
397 1406 426 1462 in
439 1406 493 1462 illis
507 1406 569 1483 ipsa
582 1423 691 1462 merces
705 1411 949 1462 auctoramentum
962 1406 1112 1464 servitutis.

148 1495 262 1552 Sordidi
282 1495 367 1552 etiam
388 1495 516 1572 putandi,
531 1494 580 1571 qui
599 1501 762 1551 mercantur
773 1512 792 1550 a
809 1494 1020 1562 mercatoribus,
1036 1495 1113 1572 quod
1127 1499 1146 1552 4

147 1585 242 1641 statim
256 1583 389 1642 vendant.
431 1585 510 1642 Nihil
531 1585 606 1643 enim
627 1584 782 1661 proficiant,
797 1583 849 1640 nisi
866 1583 1022 1642 admodum
1035 1605 1112 1643 men·

147 1674 272 1740 tiautur;
292 1693 345 1731 nec
357 1693 423 1730 varo
435 1681 479 1731 est
489 1674 640 1750 quicquam
651 1673 760 1750 turpius
771 1673 904 1731 vanitate.
933 1674 1112 1752 Opificesque
1127 1683 1145 1735 5

146 1782 243 1821 omnes
257 1764 286 1820 in
300 1763 414 1822 sordida
428 1771 488 1820 arte
502 1772 658 1820 versantur.
701 1763 763 1820 Nec
777 1763 852 1820 enim
866 1765 1018 1841 quicquam
1033 1765 1112 1842 inge-

146 1871 235 1910 nuum
256 1860 351 1930 potest
371 1854 477 1910 habere
496 1853 614 1911 officina.
655 1853 827 1931 Minimeque
841 1862 918 1912 artes
931 1872 974 1911 eae
988 1856 1144 1933 proban-6

147 1942 201 2010 dae,
216 1962 281 2019 quae
295 1943 430 2000 ministrae
445 1951 511 2000 sunt
525 1943 723 2021 voluptatum:

350 2075 461 2144 Ostorii,
478 2076 556 2142 lanii,
571 2076 658 2150 coqui,
666 2077 798 2150 sartores,
808 2076 966 2150 piscatores,

146 2215 180 2266 ut
193 2209 232 2266 ait
250 2209 406 2266 Terentius.
448 2207 536 2265 Adde
558 2208 663 2275 huc,si
683 2207 785 2285 placet}
801 2208 1012 2285 unguentarios,
1027 2209 1111 2266 salta·
1208 2209 1212 2218 ’

146 2305 231 2364 tores,
246 2304 395 2374 totumque
408 2297 510 2374 ludum
522 2297 662 2354 talarium.
705 2297 815 2365 Quibus
829 2305 926 2354 autem
939 2298 1048 2356 artibus
1061 2305 1113 2356 aut
1127 2299 1143 2358 '1

147 2387 298 2464 prudentia
316 2387 407 2463 major
426 2388 507 2453 inest,
529 2393 655 2444 autnon
675 2387 822 2443 mediocris
842 2387 947 2444 utilitas
967 2387 1111 2463 quaeritur,

145 2483 180 2534 ut
193 2476 340 2543 medicina,
356 2483 388 2532 ut
408 2475 606 2542 architectura,
622 2483 655 2532 ut
668 2475 797 2532 doctrina
810 2495 905 2532 rerum
918 2475 1111 2544 honestarum,

146 2565 193 2621 hae
215 2574 282 2622 sunt
302 2565 344 2632 iis,
366 2584 487 2642 quorum
509 2564 599 2622 ordini
623 2565 801 2631 conveniunt,
823 2564 961 2623 honestae.
1003 2566 1145 2624 Merca-8

146 2662 212 2712 tura
225 2663 330 2722 autem,
346 2655 369 2711 si
383 2655 474 2712 tenuis
488 2661 541 2721 est,
553 2653 667 2728 sordida
681 2654 809 2730 putanda
823 2661 885 2711 est:
906 2655 949 2712 sin
963 2662 1113 2732 magnast

147 2745 269 2821 copiosa,
291 2745 381 2802 multa
403 2744 528 2822 undique
551 2752 707 2820 apportans
730 2744 884 2821 multisque
907 2745 967 2802 sine
987 2745 1112 2802 vanitate

146 2833 319 2911 impertiens,
334 2853 390 2890 non
404 2841 448 2890 est
461 2833 618 2890 admodum
631 2833 827 2910 vituperanda.
869 2835 968 2910 Atque
982 2834 1075 2901 etiam,
1089 2834 1113 2892 si
1127 2841 1145 2892 9

146 2923 249 2980 satiata
268 2931 391 2999 questu,
406 2923 452 2980 vel
472 2929 605 2980 contente
626 2923 729 3000 potius,
745 2930 778 2979 ut
791 2941 868 3000 saepe
882 2941 919 2980 ex
932 2923 991 2980 alto
1004 2923 1032 2980 in
1045 2941 1111 2999 por-

146 3020 218 3079 tum,
233 3031 268 3069 ex
288 3012 351 3089 ipso
375 3021 460 3089 portu
480 3031 511 3070 se
530 3012 559 3069 in
579 3031 663 3090 agros
684 3013 932 3088 possessionesque
953 3011 1111 3080 contulerit,

146 3102 260 3158 videtur
277 3102 342 3178 jure
360 3103 469 3180 optimo
488 3119 571 3180 posse
585 3100 703 3158 laudari.
747 3101 883 3158 Omnium
897 3107 994 3158 autem
1007 3119 1111 3168 rerum,
1128 3107 1164 3163 10

146 3209 183 3247 ex
203 3191 305 3267 quibus
325 3191 430 3268 aliquid
451 3191 613 3268 acquiritur,
634 3189 704 3247 nihil
724 3197 768 3247 est
788 3191 850 3268 agri
870 3191 982 3248 cultura
1002 3191 1113 3258 melius,

146 3279 214 3336 nihil
238 3281 358 3347 dulcius,
383 3280 450 3337 nihil
474 3279 595 3347 homine,
617 3280 686 3336 nihil
709 3279 799 3337 libero
818 3280 939 3358 dignius.
981 3280 1026 3337 De
1046 3297 1112 3357 qna,

147 3370 280 3445 quoniam
298 3370 327 3427 in
348 3370 457 3427 (latone
476 3371 584 3447 majore
605 3369 673 3426 satis
693 3371 785 3428 mirlta
798 3370 929 3438 diximus,
944 3369 1019 3428 illinc
1032 3387 1113 3427 assu

146 3477 216 3526 mes,
231 3477 298 3536 quae
310 3459 349 3516 ad
362 3459 438 3516 hunc
451 3459 546 3518 locum
560 3459 749 3538 pertinebunt.

142 3667 145 3676 ·
187 3637 296 3695 XLIII.
318 3637 377 3694 Sed
391 3637 474 3696 abiis
488 3638 625 3715 partibus,
639 3657 706 3715 quae
718 3645 786 3696 sunt
798 3636 963 3702 honestatis,
976 3651 1063 3712 quem
1075 3633 1114 3693 ad
1160 3635 1190 3686 κί’
1204 3645 1208 3652 ’

147 3726 267 3786 modum
279 3726 372 3786 officia
385 3727 566 3796 ducerentur,
581 3727 833 3876 mtiqpmoutm
845 3725 966 3784 videtur.
1007 3723 1115 3785 Eorum
1128 3731 1147 3786 2
