2648 4288
194 371 234 426 44
610 388 648 426 nn
664 387 791 428 orrrcns

214 515 466 584 sustentasse
484 522 594 576 naturae
614 517 712 596 magis.
753 515 847 574 Multo
860 515 934 574 enim
952 521 982 574 et
1001 516 1111 576 firmior
1125 525 1179 576 est
1196 525 1234 578 et

246 605 434 664 constantior:
455 613 488 662 ut
508 606 621 664 fortuna
634 624 835 682 nonnunquam
853 605 924 683 ipsa,
939 607 1065 664 mortalis
1079 627 1147 666 cum
1164 609 1230 666 im·

214 699 231 751 θ
245 695 356 752 mortali
370 702 471 752 natura
485 714 613 774 pugnare
627 695 763 753 videatur.
805 694 862 763 Qui
875 695 960 772 igitur
974 694 1011 753 ad
1024 703 1138 754 nature
1151 715 1230 754 suae

245 802 302 840 non
325 783 433 840 vitiosae
460 803 550 864 genus
577 785 723 842 consilium
749 783 862 842 vivendi
889 804 972 842 omne
999 786 1165 854 contulerit,
1198 788 1227 844 is

245 872 432 932 constantiam
453 881 548 931 teneat
569 871 611 952 (id
630 875 704 932 enim
717 873 839 932 maxime
853 871 948 953 decet)
962 874 1015 932 nisi
1034 874 1109 933 forte
1124 895 1157 934 se
1174 877 1224 934 in-

214 958 230 1017 7
245 961 383 1018 tellererit
396 979 504 1020 errasse
522 962 550 1019 in
564 962 715 1041 deligendo
728 981 833 1041 genere
846 963 920 1022 vite„
962 964 1047 1032 Quod
1060 964 1084 1022 si
1097 966 1223 1023 accide-

244 1049 280 1106 rit
293 1047 401 1127 (potest
415 1059 510 1109 autem
524 1051 665 1129 accidere)
679 1052 808 1110 faciende
827 1071 939 1110 morum
958 1052 1223 1131 institutorumque

212 1143 230 1195 8
244 1139 363 1198 mutatio
377 1147 428 1200 est.
463 1141 536 1199 Eam
549 1141 745 1209 mutationem,
757 1142 780 1199 si
794 1148 925 1219 tempora
938 1142 1125 1220 adjuvabunt,
1141 1144 1219 1202 faoi-

244 1229 297 1288 lius
311 1229 542 1310 commodiusque
556 1231 701 1290 faciemus.
742 1231 793 1290 Sin
805 1232 897 1290 minus
905 1251 913 1300 ;
935 1233 1039 1290 sensim
1053 1233 1106 1290 erit
1119 1233 1218 1310 pede-

245 1321 402 1400 tentimque
424 1319 570 1380 faciende:
591 1327 625 1379 ut
643 1321 875 1398 amicitiasque
897 1321 990 1380 minus
1011 1322 1157 1381 delectent
1180 1330 1217 1382 et

242 1410 335 1468 minus
349 1410 512 1488 probentur,
527 1411 618 1490 magis
632 1410 733 1470 decere
747 1418 863 1468 censent
876 1411 1018 1488 sapientes
1032 1412 1137 1469 sensim
1152 1411 1214 1470 dis-

211 1504 229 1556 9
244 1518 333 1566 suere,
349 1518 435 1576 quam
455 1507 571 1577 repente
592 1500 753 1576 precidere.
796 1500 979 1558 Commutato
991 1507 1088 1558 autem
1103 1519 1215 1580 genere

242 1587 316 1654 vitae,
332 1588 407 1644 omni
427 1589 535 1646 ratione
554 1588 713 1648 curandum
731 1596 783 1657 est,
798 1597 832 1648 ut
845 1589 875 1648 id
888 1590 964 1648 bono
978 1591 1093 1650 consilio
1106 1591 1213 1650 fecisse

243 1676 399 1734 videamur.

192 1770 229 1823 10
283 1763 341 1822 Sed
361 1764 492 1842 quoniam
514 1765 599 1842 pano
619 1767 813 1826 antedictum
833 1776 886 1837 est,
903 1769 1054 1828 imitandos
1071 1789 1132 1828 esse
1146 1789 1210 1828 me·

240 1854 471 1932 joras,p1imum
495 1854 566 1913 illud
591 1864 743 1934 exceptum
767 1858 811 1927 sit,
832 1879 868 1917 ne
891 1859 958 1916 vitia
982 1859 1039 1916 sint
1061 1860 1208 1919 imitanda

192 1947 226 2002 11
244 1943 360 2010 Deinde,
376 1944 400 2002 si
419 1952 521 2002 nature
540 1963 597 2002 non
617 1945 698 2014 leret,
713 1953 746 2004 ut
759 1947 891 2024 quaedam
909 1949 1012 2006 imitari
1031 1949 1137 2028 possit;
1160 1949 1210 2027 (ut

242 2033 393 2110 superioris
408 2034 536 2092 Africani
555 2034 637 2102 filius,
653 2036 702 2112 qui
722 2037 798 2094 huno
812 2038 915 2097 Paullo
933 2046 1037 2116 natum¹
1048 2039 1207 2116 adoptavit,

243 2131 360 2201 propter
372 2124 562 2182 infirmitatem
576 2125 745 2183 valetudinis
758 2146 815 2183 non
827 2133 887 2185 tam
901 2129 994 2204 potuit
1008 2129 1096 2206 patris
1110 2129 1208 2187 similis

192 2218 227 2271 12
243 2231 313 2281 esse,
328 2233 414 2291 quam
437 2215 483 2273 ille
504 2215 598 2273 fuerat
618 2213 674 2293 sui)
694 2215 717 2272 si
736 2215 824 2293 igitur
841 2236 897 2275 non
916 2218 1020 2295 poterit
1033 2218 1091 2276 sive
1105 2237 1207 2277 causes

243 2303 421 2372 defensitare,
436 2305 494 2362 sive
515 2304 654 2382 populum
675 2305 854 2364 concionibus
874 2312 980 2374 tenere,
995 2307 1053 2365 sive
1067 2307 1142 2366 bella
1155 2327 1206 2386 ge-

241 2412 318 2451 rere:
339 2393 386 2452 illa
405 2401 501 2452 tamen
521 2400 657 2470 praestare
678 2393 802 2463 debebit,
817 2413 882 2471 quae
901 2404 984 2455 erunt
1003 2397 1032 2453 in
1052 2397 1140 2475 ipsius
1154 2417 1206 2476 po-

242 2489 353 2550 testate,
366 2483 513 2560 justitiam,
525 2482 620 2550 fidem,
635 2483 840 2552 liberalitatem,
852 2485 1029 2553 modestiam,
1044 2493 1204 2564 temperan-

192 2573 392 2649 latiamque
412 2573 505 2630 minus
525 2574 562 2631 ab
583 2591 617 2630 eo
638 2572 676 2640 id,
691 2574 769 2649 quod
783 2573 864 2642 desit,
879 2575 1046 2652 requiratur.
1088 2577 1205 2654 Optima

241 2670 338 2720 autem
352 2661 493 2719 heredites
507 2679 524 2718 a
538 2661 666 2737 patribus
678 2662 801 2720 traditur
813 2663 916 2731 liberis,
928 2665 1059 2742 omnique
1070 2666 1203 2743 patrimo-

241 2751 287 2808 nio
308 2750 494 2826 prestantior,
516 2749 606 2828 gloria
619 2750 730 2808 virtutis
744 2769 895 2829 rerumque
909 2761 1073 2832 gestarum:
1095 2755 1141 2814 cui
1155 2756 1203 2814 de·

242 2838 337 2896 decori
350 2855 420 2906 esse,
435 2839 514 2896 nefas
528 2845 558 2896 et
570 2838 688 2916 impium
700 2840 888 2918 judicandum
902 2850 956 2900 est.

281 3018 415 3077 XXXIV.
430 3017 468 3076 Et
481 3018 615 3096 quoniam
629 3019 719 3078 officia
732 3040 788 3078 non
802 3020 902 3080 eadem
916 3021 1076 3100 disparibus
1090 3023 1199 3082 etati-

134 3121 136 3126 ’
241 3109 304 3166 bus
319 3109 488 3176 tribuuntur,
500 3109 610 3187 aliaque
624 3118 690 3168 sunt
701 3111 847 3188 juvenum,
859 3111 914 3168 alie
923 3112 1079 3170 seniorum:
1097 3113 1199 3190 aliquid

210 3204 227 3256 2
242 3197 326 3254 etiam
337 3197 373 3256 de
384 3199 437 3255 hac
448 3197 625 3258 distinctione
636 3199 788 3259 dicendum
799 3207 851 3260 est.
879 3201 932 3258 Est
945 3201 1031 3278 igitur
1040 3201 1198 3260 adolescen-

243 3286 285 3354 tis,
300 3287 420 3363 majores
440 3294 509 3344 netu
522 3289 619 3356 vereri,
634 3308 725 3366 exque
746 3290 789 3348 his
803 3289 928 3368 deligere
947 3291 1070 3368 optimos
1088 3298 1118 3348 et
1137 3311 1197 3370 pro·

241 3374 407 3441 batissimos,
420 3395 541 3452 quorum
553 3377 667 3436 oonsilio
678 3385 764 3454 atque
774 3380 942 3438 auctoritate
955 3380 1070 3438 nitatur.
1099 3382 1196 3438 Ineun-

241 3466 277 3524 tis
291 3465 365 3522 enim
380 3465 470 3522 aetatis
483 3465 593 3524 inscitia
611 3485 710 3524 senum
730 3468 927 3526 constituenda
947 3476 976 3526 at
996 3469 1121 3546 regenda
1135 3489 1195 3547 pru-

210 3555 337 3615 edentia
359 3560 410 3612 est.
452 3553 574 3613 Maxime
595 3563 690 3612 autem
711 3557 773 3614 haec
792 3564 861 3614 etas
875 3577 892 3614 a
905 3557 1067 3616 libidinibus
1080 3559 1197 3616 arcenda

241 3653 293 3713 est,
315 3642 528 3720 exercendaque
549 3645 578 3702 in
601 3645 698 3702 labore
721 3645 914 3723 patientiaque
933 3654 962 3704 at
985 3647 1070 3705 animi
1091 3654 1120 3704 et
1140 3667 1195 3705 oor·

240 3735 335 3813 poris;
355 3741 389 3794 ιιι
408 3753 506 3794 eorum
525 3740 556 3794 et
577 3734 606 3794 in
629 3733 735 3794 bellicis
753 3740 783 3793 et
801 3735 830 3794 in
852 3737 978 3796 civilibus
998 3737 1094 3798 officiis
1106 3738 1196 3816 vigeat
