2750 4284
565 372 650 414 traua
663 373 705 414 111.
747 373 813 415 oar.
827 375 866 415 xr.
1184 362 1223 420 99

212 501 250 560 ad
264 500 413 560 amicitiam
425 501 540 559 tertium
553 501 751 560 adscriberent.
788 504 861 560 Cum
872 502 958 580 igitur
967 485 1093 579 idquod
1101 503 1170 562 utile
1185 511 1222 565 18

211 589 324 648 videtur
336 591 365 646 in
378 590 506 657 amicitia,
528 611 593 648 cum
617 609 660 657 eo,
681 591 758 667 quod
780 592 931 649 honestum
952 599 1004 658 est,
1026 611 1170 669 compara-

211 686 267 746 tur,
279 679 373 755 jaceat
387 679 513 736 utilitatis
527 681 643 756 species,
656 682 749 741 valeat
762 681 903 738 honestas.
946 682 1020 738 Cum
1035 687 1128 738 antem
1142 681 1171 738 in
1186 688 1222 741 19

211 769 415 850 amicitiaquae
426 769 544 826 honesta
552 788 608 826 non
619 777 693 835 suut,
706 771 932 844 postulabuntur,
946 769 1044 846 religio
1057 776 1086 826 et
1099 770 1170 828 fides

211 865 400 933 anteponatur
419 857 556 914 amicitiae.
598 857 645 915 Sic
665 858 817 916 habebitur
835 858 868 925 is,
883 877 969 934 quem
990 858 1169 935 exquirimus,

211 947 338 1004 delectus
352 945 441 1003 officii.

248 1123 301 1179 XI.
322 1121 381 1179 Sed
394 1122 521 1179 utilitatis
535 1121 628 1198 specie
641 1121 678 1179 in
697 1140 737 1178 re
758 1122 919 1199 publica
938 1122 1092 1200 soepissime
1103 1143 1168 1200 pec·

209 1219 298 1280 eatur,
313 1220 345 1270 ut
357 1213 387 1270 in
396 1213 522 1272 Corinthi
533 1214 735 1271 disturbatione
743 1215 840 1272 nostri.
869 1215 974 1272 Durius
982 1215 1067 1271 etiam
1078 1214 1169 1272 Athe·v

208 1303 328 1368 aienses,
343 1301 391 1377 qui
405 1302 554 1368 seivenrnt,
569 1309 602 1359 ut
615 1297 772 1379 AEginetis,
782 1303 832 1378 qui
850 1303 938 1360 classe
952 1303 1093 1369 valebant,
1109 1304 1170 1380 pol·

209 1391 277 1450 lices
290 1390 518 1466 praeoiderentur.
560 1391 624 1448 Hoc
637 1391 728 1448 visum
746 1397 790 1448 est
803 1391 880 1448 utile.
922 1391 1012 1448 Nimis
1026 1392 1100 1448 enim
1119 1393 1202 1451 ima

208 1479 344 1546 minebat,
359 1485 476 1556 propter
490 1479 737 1556 propinquitatem,
750 1480 856 1557 AEgina
866 1479 986 1538 Piraeeo.
1019 1479 1077 1538 Sed
1091 1478 1168 1548 nihil,

208 1567 287 1644 quod
301 1567 424 1634 crudele,
438 1567 516 1626 utile.
556 1569 609 1624 Est
622 1568 696 1626 enim
710 1568 855 1626 hominum
868 1575 986 1636 naturae,
995 1587 1080 1646 quam
1091 1569 1171 1646 sequi

166 1689 168 1693 ,
207 1657 354 1723 debemus,
369 1655 489 1713 maxime
503 1656 613 1714 iniurioa
626 1657 785 1715 crudelitas.
826 1657 902 1714 Male
923 1658 1008 1715 etiam
1028 1658 1076 1734 qui
1090 1675 1169 1735 pere-
1184 1663 1201 1716 8

208 1745 304 1824 grinos
317 1745 434 1804 urbibus
448 1745 490 1802 uti
504 1746 664 1822 prohibent,
679 1765 783 1822 eosque
796 1746 990 1813 exterminant,
1005 1753 1038 1804 ut
1054 1747 1169 1803 Pennus

208 1834 287 1911 apud
300 1841 397 1911 patres
411 1841 531 1901 nostros,
546 1835 654 1911 Papius
667 1854 766 1911 nuper.
806 1835 836 1892 N
837 1853 883 1892 am
896 1854 957 1893 esse
972 1855 1024 1912 pro
1038 1836 1107 1903 cive,
1122 1835 1171 1911 qui
1184 1839 1202 1893 4

209 1923 276 1981 civis
295 1942 350 1980 uon
371 1923 416 1991 sit,
430 1930 540 1982 rectum
561 1931 681 1981 estnon
701 1924 800 1982 licere:
822 1943 909 1999 quam
930 1924 1025 2001 legem
1044 1924 1172 1981 tulerunt

209 2012 402 2088 sapientissimi
424 2013 553 2069 eonsules
577 2013 698 2070 Crassus
719 2019 748 2070 et
768 2012 914 2070 Scaevola:
935 2031 991 2068 usu
1003 2031 1072 2070 vero
1092 2004 1170 2070 urbis

209 2101 358 2176 prohibere
372 2100 534 2178 peregrinos
547 2119 615 2156 sane
628 2101 812 2157 inhumanum
826 2107 877 2157 est.
919 2100 974 2157 Illa
987 2101 1131 2175 praeclara,
1142 2101 1171 2157 in
1184 2106 1201 2160 5

209 2189 312 2264 quibus
331 2188 453 2264 publicae
467 2188 594 2246 utilitatis
613 2189 723 2265 species
736 2207 797 2264 prae
810 2189 957 2245 honestate
971 2189 1124 2246 contemnit
1160 2233 1166 2247 .

209 2277 299 2334 Plena
318 2277 512 2352 exemplorum
534 2284 577 2334 est
597 2284 694 2335 nostra
713 2296 759 2334 res
782 2277 903 2353 publica,
919 2296 985 2334 cum
1006 2295 1091 2352 saepe,
1106 2283 1200 2336 ruma

208 2365 329 2422 maxime
353 2364 427 2422 bello
450 2365 558 2422 Punico
582 2365 724 2424 secundo:
746 2384 818 2442 quae,
844 2366 986 2422 Cannensi
1009 2365 1169 2423 calamitate
1240 2423 1244 2429 ,

209 2461 337 2530 accepta,
351 2454 472 2530 majores
486 2454 593 2511 animos
607 2455 714 2522 habuit,
730 2473 815 2530 quam
828 2449 954 2531 unquam
967 2455 1052 2512 rebus
1072 2472 1170 2512 secun-

210 2541 263 2599 dis.
299 2542 387 2599 Nulla
399 2542 506 2600 timoris
521 2542 695 2619 significatio,
704 2544 783 2600 nulla
796 2544 901 2600 mentio
909 2543 995 2620 pacis.
1030 2543 1119 2600 Tanta
1128 2541 1202 2602 vis'l

209 2637 254 2687 est
267 2631 385 2698 bonesti,
401 2639 434 2688 ut
448 2631 570 2707 speciem
581 2632 708 2690 utilitatis
720 2633 861 2690 obscuret.
902 2631 1091 2689 Athenienses
1105 2651 1170 2689 cum
1185 2639 1202 2691 8

209 2719 361 2778 Persarum
375 2720 513 2797 impetum
526 2720 604 2777 nullo
618 2721 703 2778 modo
715 2728 831 2798 possent
845 2721 989 2787 sustinere,
1002 2728 1170 2778 statuerent-

209 2827 274 2884 que,
289 2815 321 2866 ut
334 2809 523 2886 urhe'relicta,
537 2810 753 2887 conjugibus·et
766 2811 860 2867 liberis
874 2810 1011 2867 Troezene
1025 2810 1169 2887 depositis,

209 2915 295 2954 naves
308 2898 538 2965 conscenderent,
552 2899 768 2974 libertatemque
785 2899 904 2956 Graeciae
924 2899 1014 2956 classe
1036 2898 1170 2956 defende-

209 2993 291 3052 rent;
313 2987 455 3062 Cyrsilum
467 2987 622 3062 quemdam
637 2987 814 3052 suadentem,
828 2987 903 3042 utin
923 2987 994 3043 urbe
1015 2994 1171 3054 manerent,

210 3075 389 3150 Xerxemque
408 3075 573 3151 reciperent,
594 3075 735 3151 lapidibus
755 3081 970 3150 cooperuerunt.
1011 3074 1103 3150 Atqui
1123 3075 1203 3134 illes

211 3163 361 3220 utilitatem
374 3163 453 3238 sequi
466 3164 634 3220 videbatur:
655 3163 706 3220 sed
720 3182 755 3220 ea
767 3163 845 3220 nulla
859 3171 919 3220 erat
931 3172 1107 3240 repugnante
1121 3165 1171 3221 ho·

211 3259 329 3308 aestate.
370 3252 572 3308 Themistocles
587 3259 653 3327 post
666 3251 812 3308 victoriam
832 3252 894 3329 ejus
916 3253 991 3319 belli,
1008 3252 1086 3328 quod
1107 3257 1224 3311 cum10

212 3338 306 3396 Persis
319 3339 380 3406 fuit,
396 3339 466 3396 dixit
479 3340 508 3396 in
521 3340 663 3406 concione,
683 3358 715 3397 se
736 3341 841 3398 babere
862 3341 1008 3398 consilium
1027 3341 1068 3398 rei
1081 3339 1173 3416 publi-

213 3445 255 3484 cae
269 3427 401 3495 salutare,
415 3428 466 3486 sed
480 3429 510 3486 id
524 3429 587 3486 seiri
608 3447 666 3485 non
684 3447 757 3504 opus
781 3447 851 3486 esse.
892 3429 1058 3494 Postulavit,
1072 3434 1105 3484 ut
1124 3427 1173 3485 ali·

213 3534 298 3591 quern
311 3517 434 3592 poptdus
448 3517 538 3583 daret,
553 3517 666 3592 quicum
681 3517 907 3574 communicaret.
943 3519 1036 3572 Datus
1051 3523 1094 3572 est
1108 3515 1172 3572 Ari-
1188 3521 1223 3574 11

214 3604 309 3662 stides.
349 3605 424 3662 Huic
437 3606 492 3673 ille,
507 3605 628 3662 classem
642 3604 931 3671 Lacedaemoniorum,
946 3621 1011 3680 quae
1031 3603 1175 3660 subducta

213 3699 290 3750 esset
302 3692 340 3750 ad
355 3693 511 3770 Gytheum,
522 3695 596 3752 elam
608 3693 719 3752 incendi
733 3711 832 3770 posse:
854 3710 911 3768 quo
924 3693 1000 3750 faoto
1014 3691 1106 3769 frangi
1119 3693 1174 3750 La·
