2648 4288
518 335 604 374 unna
617 333 636 373 1.
678 333 745 373 can.
761 334 803 373 ιιι.
1151 319 1170 376 9

148 479 206 520 non
227 462 376 521 honestate
391 464 525 530 metitur;
546 464 592 520 hic
606 459 630 519 si
644 463 696 521 sibi
715 463 778 540 ipse
792 461 949 520 consentiat
962 467 992 519 et
1005 481 1061 520 non
1074 462 1115 520 in-

149 552 263 609 terdum
288 563 398 611 naturae
423 554 549 611 bonitate
570 553 706 618 vincatur,
729 571 822 629 neque
846 553 998 609 amicitiam
1025 552 1117 610 colere

150 642 247 716 possit,
263 661 315 699 neo
326 643 474 717 justitiam,
490 661 543 700 neo
557 642 762 700 liberalitatem.
801 642 894 699 Fortis
908 661 976 699 vero
989 642 1117 700 dolorem

149 747 292 787 summum
306 732 413 790 malum
434 732 575 809 judicans,
590 739 641 789 aut
665 739 827 808 temperans
841 731 1019 808 voluptatem
1039 751 1116 788 sum·

149 838 228 876 nrum
249 821 355 878 bonum
370 827 498 878 statuens
519 839 581 878 esse
595 827 672 878 certe
692 820 877 878 nullomodo
898 827 1001 898 potest.
1031 821 1149 890 ,Quse'l

149 927 320 986 quamquam
335 911 374 967 ita
388 911 443 968 sint
456 912 484 967 in
499 918 644 987 promptu,
653 917 687 967 ιιι
701 929 746 967 res
757 899 947 986 disputatione
956 929 1012 968 non
1023 917 1114 988 egeat,

149 1005 320 1056 tamensunt
333 1018 350 1055 a
363 1000 444 1057 nobis
454 1000 509 1056 alio
523 1001 586 1058 loco
600 1000 753 1077 disputata.
790 999 846 1056 Hae
860 999 1015 1076 disciplinae
1029 999 1117 1077 igitur
1132 1005 1150 1060 8

150 1087 173 1143 si
187 1087 238 1144 sibi
254 1096 451 1146 consentaneae
466 1089 554 1146 velint
566 1107 638 1155 esse,
653 1089 690 1146 de
704 1089 795 1146 officio
812 1089 882 1146 nihil
895 1097 1001 1165 queant
1014 1089 1116 1148 dicere.

150 1176 252 1253 Neque
272 1176 331 1234 ulla
351 1178 433 1234 officii
452 1186 599 1255 praecepta
618 1179 707 1244 firme,
723 1177 843 1244 stabilia,
859 1179 1012 1255 conjuncta
1033 1186 1116 1235 natu·

148 1285 189 1323 ree
218 1265 294 1322 tradi
315 1273 443 1342 possunt,
464 1266 517 1323 nisi
545 1273 596 1323 aut
625 1267 724 1333 abiis,
747 1266 795 1341 qui
822 1267 921 1333 solnm,
944 1273 995 1322 aut
1014 1268 1052 1324 ab
1075 1267 1116 1334 iis,

149 1355 199 1431 qui
218 1354 341 1411 maxime
355 1354 532 1412 honestatem
548 1363 666 1431 propter
679 1374 709 1412 se
724 1355 820 1411 dicant
833 1355 1030 1430 expetendam.
1072 1356 1150 1416 Ima

150 1443 265 1522 propria
286 1451 330 1500 est
350 1462 384 1500 ea
404 1443 558 1519 praeceptio
579 1443 747 1510 Stoicorum,
769 1443 1016 1510 Academicorum,
1038 1445 1116 1503 Peri-

150 1532 355 1610 pateticorum:
377 1533 508 1610 qnoniam
528 1533 677 1599 Aristonis,
693 1533 857 1609 Pyrrhonis,
869 1532 968 1590 Herilli
986 1533 1046 1611 jam
1062 1534 1117 1612 pri·

150 1621 217 1679 dem
237 1621 353 1698 explosa
373 1622 512 1680 sententia
531 1629 590 1680 est:
622 1623 671 1698 qui
691 1630 786 1680 tamen
806 1622 944 1680 haberent
965 1623 1014 1700 jus
1034 1642 1118 1681 suum

150 1711 314 1787 disputandi
334 1712 371 1769 de
395 1711 495 1778 officio,
516 1713 654 1769 sirenum
679 1711 801 1787 aliquem
828 1711 971 1768 delectum
992 1712 1117 1789 reliquis·

150 1808 222 1867 sent,
250 1807 284 1858 ut
311 1802 348 1858 ad
377 1802 460 1859 officii
487 1801 675 1859 inventionem
704 1801 799 1858 aditus
828 1809 911 1859 esset.
966 1801 1118 1878 Sequimur
1134 1808 1171 1861 10

150 1889 245 1968 igitur,
266 1891 321 1948 hoc
341 1891 456 1967 quidem
481 1898 610 1967 tempore
641 1899 670 1948 et
694 1892 748 1948 hac
772 1891 801 1946 in
821 1891 986 1966 questione,
1007 1891 1117 1968 potissi·

150 1998 229 2036 mum
243 1979 361 2046 Stoicos,
376 1999 432 2036 non
446 1988 479 2036 ιιι
493 1980 676 2056 interpretes3
695 1980 755 2046 sed,
771 1987 804 2036 ιιι
817 1980 950 2047 solemus,
962 1999 978 2036 e
992 1980 1118 2038 sontibus

151 2085 249 2125 eornm
274 2069 382 2145 judicio
402 2069 573 2146 arbitrioque
597 2075 704 2136 nostro,
725 2075 863 2145 quantum
890 2087 1004 2145 quoque
1031 2068 1118 2127 modo

151 2157 300 2224 videbitur,
316 2158 486 2215 hauriemus.

190 2247 291 2304 Placet
303 2246 397 2324 igitur,
412 2247 546 2322 quoniam
566 2246 656 2304 omnis
677 2245 834 2322 disputatio
854 2245 891 2303 de
912 2245 1003 2303 officio
1017 2245 1114 2302 lutura
1130 2251 1166 2304 11

151 2343 204 2403 est,
219 2343 285 2393 ante
306 2335 499 2403 delinire,
520 2335 588 2412 quid
609 2335 645 2390 sit
666 2335 864 2392 officium:
885 2333 995 2410 quoda
1014 2334 1118 2392 Panae-

151 2425 192 2482 tio
213 2425 435 2502 praetermissum
456 2443 518 2481 esse
538 2423 632 2480 miror.
675 2423 774 2480 Omnis
794 2424 877 2490 enim,
892 2441 957 2499 quae
977 2423 1115 2481 aratione
1131 2429 1167 2482 12

151 2514 302 2590 suscipitur
322 2514 360 2570 de
380 2513 473 2589 aliqua
492 2531 524 2569 re
543 2511 691 2578 institutio,
706 2513 793 2570 debet
813 2531 831 2569 a
851 2511 1012 2570 definitione
1032 2512 1132 2589 profi-v

152 2604 231 2685 eieci,
242 2611 275 2660 ut
289 2602 472 2681 intelligatur,
488 2601 556 2679 quid
571 2601 608 2658 sit
621 2600 659 2668 id,
675 2601 711 2659 de
725 2621 783 2679 quo
797 2602 967 2679 disputetur.

190 2781 248 2838 ἹΙῙ.
271 2781 368 2838 Omnis
383 2781 419 2839 de
434 2781 525 2838 officio
545 2779 653 2858 duplex
673 2788 718 2839 est
737 2781 868 2858 quaestio.
910 2781 1007 2839 Unum
1027 2801 1119 2860 genus

152 2877 204 2937 est,
219 2871 298 2947 quod
318 2871 440 2945 pertinet
458 2870 495 2927 ad
517 2871 600 2927 finem
621 2872 777 2928 honorum:
799 2870 929 2937 alterum,
945 2871 1021 2947 quod
1043 2871 1117 2947 posi·

152 2967 214 3017 tum
228 2965 272 3016 est
285 2959 315 3016 in
328 2959 487 3036 praeceptis,
503 2960 605 3035 quibus
619 2960 646 3016 in
662 2955 760 3017 omnes
774 2969 869 3036 partes
884 2977 953 3016 usus
971 2959 1038 3016 vitae
1051 2979 1116 3017 con·

152 3047 266 3105 formari
277 3049 374 3125 possit.
408 3049 566 3124 Superioris
576 3049 687 3126 generis
701 3048 876 3125 hujusmodi
890 3048 1020 3126 exempla
1035 3055 1117 3115 sunt;
1132 3055 1150 3106 2

152 3137 280 3195 omniane
301 3137 392 3194 officia
412 3138 539 3214 perfecta
559 3138 631 3204 sint;
659 3137 798 3212 numquid
818 3137 943 3194 officium
964 3138 1042 3195 aliud
1063 3138 1117 3196 elio

152 3227 245 3304 majus
264 3226 309 3292 sit,
331 3235 360 3283 et
379 3245 445 3303 quae
466 3232 532 3283 sunt
559 3225 669 3303 generis
690 3225 827 3302 ejusdem.
871 3227 1000 3295 Quorum
1021 3233 1150 3285 autem8

152 3315 306 3372 officiorum
327 3325 474 3391 praecepta
494 3314 654 3382 traduntur,
669 3333 703 3372 ea
723 3333 897 3392 quamquam
918 3316 1059 3393 pertinent
1079 3315 1118 3373 ad

151 3404 236 3462 finem
257 3405 403 3470 bonorum,
419 3412 514 3461 tamen
528 3405 620 3462 minus
640 3404 669 3461 id
684 3411 812 3481 apparet,
827 3404 893 3481 quia
912 3405 1006 3482 magis
1019 3403 1057 3460 ad
1076 3404 1117 3460 in·

151 3492 325 3550 stitutionem
340 3493 406 3550 vitae
421 3494 578 3551 eommunis
599 3500 728 3571 spectare
742 3493 889 3551 videntur:
911 3493 1060 3569 dequibus
1074 3499 1119 3549 est

151 3581 233 3640 nobis
247 3581 291 3638 his
303 3581 380 3640 libris
395 3582 602 3660 explicandum.

191 3670 291 3747 Atque
318 3671 403 3728 etiam
431 3671 486 3729 alia
512 3671 611 3730 divisio
639 3678 684 3729 est
712 3671 802 3729 officii
843 3669 921 3728 Nam
941 3675 972 3726 et
991 3667 1151 3729 mediuml
