2648 4288
160 311 197 368 lo
574 321 612 362 un
632 319 761 362 corrone

210 450 308 530 pediti,
323 469 395 528 quos
414 449 487 508 tueri
508 449 621 515 debent,
637 449 780 506 deserunt.
822 449 923 524 Itaque
942 465 991 505 eos
1010 451 1049 505 'ne
1063 447 1100 505 ed
1114 467 1182 505 rem

211 541 354 619 publicam
379 559 543 599 accessuros
563 539 678 615 quidem
702 544 793 615 putat,
814 537 867 594 uisi
887 544 1008 594 coactos¹
1051 538 1181 613 AEquius

210 639 305 688 autem
326 638 395 697 erat,
411 623 440 687 id
461 629 607 686 voluntate
627 627 694 686 fiori.
737 627 812 684 Nam
826 627 879 684 hoc
900 627 992 704 ipsum
1013 627 1054 682 ita
1064 627 1180 703 justum

178 727 195 779 δ
211 727 262 786 est,
278 720 355 796 quod
376 727 452 777 recte
472 719 513 784 fit,
529 718 552 774 si
566 725 610 774 est
623 716 819 774 voluntarium.
862 716 936 773 Sunt
956 716 1049 782 etiam,
1064 715 1111 791 qui
1125 722 1181 772 aut

210 809 305 866 studio
332 807 372 866 rei
395 807 539 865 familiaris
567 805 693 874 tuendus,
715 810 766 862 aut
787 805 852 862 odio
874 805 997 881 quodem
1020 805 1178 872 hominum,

210 915 293 954 snum
307 915 337 954 se
351 896 497 974 negotium
511 913 595 972 agere
610 895 714 960 dicant,
726 912 761 950 ne
774 894 869 951 iacere
883 894 1013 979 cuiquem
1028 894 1179 951 videantur

210 984 355 1061 injuriam:
377 985 425 1060 qui
439 985 528 1040 altero
548 1002 652 1061 genere
666 983 811 1060 injustitiae
827 991 936 1048 vacant,
951 983 980 1039 in
999 983 1119 1039 alterum
1134 983 1177 1040 in·

211 1081 334 1132 currunt.
377 1073 518 1130 Deserunt
542 1071 615 1128 enim
639 1072 705 1128 vitoe
731 1072 902 1137 societatem,
923 1071 989 1148 quia
1012 1071 1081 1128 nihil
1109 1091 1175 1130 con-

210 1161 305 1220 ferunt
319 1161 346 1219 in
361 1179 423 1220 eam
437 1161 530 1228 studii,
545 1160 613 1219 nihil
627 1179 729 1237 operes,
745 1161 812 1218 nihil
826 1160 1002 1218 facultatum.

178 1255 195 1310 d
251 1251 372 1322 Quando
385 1251 471 1330 igitur
485 1251 596 1308 duobus
616 1249 767 1328 generibus
787 1249 930 1326 injustitiae
950 1249 1109 1326 propositis,
1124 1249 1176 1306 ad-

208 1339 352 1418 junximus
367 1359 466 1399 causas
480 1340 626 1417 utriusque
640 1339 759 1417 generis,
774 1357 878 1414 easque
892 1357 936 1395 res
949 1347 1015 1395 ante
1029 1338 1176 1401 constitui·

210 1447 282 1496 mus,
311 1429 414 1506 quibus
440 1430 550 1506 justitia
578 1429 782 1487 contineretur:
811 1429 901 1494 facile,
929 1427 1008 1504 quod
1036 1429 1177 1505 cujusque

211 1519 345 1594 temporis
360 1517 482 1575 officium
495 1517 541 1583 sit,
557 1517 721 1593 poterimus,
736 1517 788 1574 nisi
801 1517 988 1593 nosmetipsos
1001 1517 1084 1575 valde
1098 1536 1177 1574 ema·

180 1601 195 1664 'l
212 1603 312 1672 bimus,
325 1605 461 1682 judicare.
503 1605 556 1663 Est
577 1606 651 1662 enim
673 1605 791 1663 difficilis
812 1621 993 1664 cumrerum
1013 1606 1177 1666 alienemm.

118 1759 121 1768 ‚
214 1692 393 1770 Quemquam
408 1693 591 1751 Terentianus
605 1693 651 1750 ille
666 1694 804 1752 Chremes
818 1695 933 1752 humani
946 1694 1014 1753 nihil
1028 1714 1046 1751 a
1059 1714 1090 1752 se
1108 1696 1178 1754 elie-

210 1801 279 1842 num
291 1787 382 1860 putat.
424 1781 482 1839 Sed
495 1788 592 1840 tamen
602 1782 668 1858 quia
682 1782 774 1860 magis
784 1801 818 1840 ea
830 1783 1000 1860 percipimus
1014 1791 1099 1860 atque
1112 1801 1178 1841 sen-

211 1872 304 1937 timus,
327 1887 391 1946 quae
413 1870 494 1928 nobis
515 1870 582 1947 ipsis
603 1877 653 1928 aut
673 1889 810 1948 prospera
829 1879 880 1928 aut
892 1872 1011 1930 adversa
1035 1873 1178 1942 eveniunt,

210 1977 295 2039 quum
315 1959 370 2026 illa,
391 1977 456 2036 quae
478 1959 585 2026 ceteris,
606 1978 672 2037 quae
698 1961 779 2036 quasi
802 1960 888 2038 longo
914 1961 1061 2018 intervallo
1090 1963 1179 2019 inter-

179 2056 196 2110 8
208 2050 286 2130 jecto
302 2047 445 2106 videmus:
469 2048 550 2106 aliter
564 2048 600 2107 de
614 2049 722 2116 illisae
737 2049 773 2106 de
787 2050 875 2115 nobis,
888 2050 1056 2126 judicamus.
1098 2052 1178 2120 Quo-

210 2139 284 2200 circa
312 2139 384 2198 bene
408 2137 592 2216 praecipiunt,
613 2138 662 2214 qui
686 2145 783 2196 vetant
806 2139 957 2214 quicquam
980 2159 1072 2218 agere,
1096 2141 1178 2216 quod

211 2227 323 2288 dubites
342 2245 456 2304 aequum
470 2227 513 2294 sit,
529 2245 565 2283 sn
584 2226 719 2303 iniquum.
772 2227 906 2303 AEquitas
927 2229 1001 2287 enirn
1017 2228 1093 2288 lucet
1112 2229 1179 2307 ipsa

211 2335 262 2397 per
277 2334 316 2384 se,
332 2314 471 2376 dubitatio
486 2315 686 2394 cogitationem
700 2315 838 2394 significat
851 2317 970 2394 iujuriae.

250 2495 284 2554 X.
307 2494 365 2553 Sed
392 2494 519 2553 incidunt
549 2513 625 2571 saepe
653 2501 791 2571 tempora,
813 2515 878 2552 cum
902 2515 944 2564 ea,
966 2515 1031 2573 qnae
1053 2497 1176 2556 maxims

210 2583 341 2643 videntur
355 2583 442 2660 digna
456 2601 518 2640 esse
531 2582 609 2660 justo
623 2583 743 2650 homine,
755 2603 853 2660 eoque,
865 2604 950 2661 quem
965 2586 1054 2643 virum
1068 2587 1176 2644 bonum

210 2672 339 2738 dicimus,
355 2679 565 2728 commutantur
584 2671 711 2748 fiuntque
734 2675 882 2740 contraria,
897 2681 931 2732 ut
951 2675 1070 2733 reddere
1087 2677 1176 2752 depo·

211 2761 305 2826 situm,
320 2759 412 2816 lacere
427 2758 613 2834 promissum:
635 2779 758 2836 quaeque
772 2763 912 2839 pertinent
926 2765 963 2822 ed
977 2765 1124 2822 veritatem
1146 2771 1178 2824 et

179 2855 195 2908 2
211 2849 247 2906 od
259 2847 351 2914 fidem,
364 2865 398 2905 ea
407 2849 527 2925 migrare
538 2847 681 2907 interdum
695 2858 725 2907 et
738 2869 793 2908 non
808 2871 919 2910 servare
929 2854 962 2910 fit
972 2854 1090 2932 justum.
1119 2855 1176 2911 Re-

210 2937 276 2996 ferri
287 2937 359 2996 euiru
370 2937 454 2995 decet
464 2935 501 2993 ad
515 2955 557 3004 ea,
567 2955 632 3014 quae
646 2939 728 3015 posui
745 2940 888 3016 principio,
900 2941 1085 3000 fundamenta
1092 2943 1177 3019 justi-

210 3028 281 3086 tiae:
304 3028 435 3105 primum,
446 3034 479 3084 ut
492 3045 528 3084 ne
542 3027 587 3085 cui
601 3036 752 3096 nocentum
774 3029 884 3096 deinde,
898 3038 932 3087 ut
946 3033 1088 3088 communi
1102 3032 1177 3090 utili·

178 3123 195 3176 8
211 3117 263 3175 tati
280 3117 425 3174 serviatur.
467 3116 510 3174 Ea
524 3135 589 3175 cum
604 3124 732 3195 tempore
752 3126 970 3185 commutantur,
986 3129 1178 3178 commutatur

211 3205 343 3272 officium,
364 3213 394 3262 et
417 3223 473 3261 non
497 3224 610 3282 semper
633 3215 677 3263 est
700 3207 786 3265 idem.
825 3207 926 3265 Potest
951 3209 1025 3265 enim
1046 3209 1177 3268 accidere
1233 3245 1236 3256 ·

210 3293 381 3372 promissum
392 3293 507 3369 aliquod
519 3302 548 3351 et
562 3303 741 3363 conventum,
751 3303 784 3352 ut
796 3296 826 3353 id
840 3297 912 3355 effici
926 3297 961 3354 sit
974 3297 1071 3354 inutile
1082 3298 1126 3356 vel
1141 3298 1176 3366 ei,

177 3383 256 3443 4eui
279 3382 449 3460 promissum
473 3380 583 3449 situel
608 3383 641 3449 ei,
663 3383 712 3459 qui
735 3385 902 3460 promiserit.
944 3386 1020 3443 Nem
1042 3385 1074 3453 si,
1090 3394 1124 3444 ut
1147 3388 1177 3446 iu

211 3472 313 3530 fabulis
327 3476 378 3538 est,
395 3471 556 3547 Neptunus,
571 3472 648 3547 quod
669 3472 778 3531 Theseo
794 3475 969 3550 promiserat,
984 3493 1040 3532 non
1053 3475 1175 3544 iecisset,

209 3562 336 3622 Theseus
351 3559 509 3638 Hippolyto
524 3559 580 3617 filio
599 3579 656 3619 nou
676 3568 751 3620 esset
771 3564 897 3622 orbatus.
939 3563 982 3620 Ex
997 3563 1087 3620 tribus
1101 3564 1177 3622 enim

208 3652 324 3732 optetis,
345 3655 379 3708 ut
398 3648 538 3717 scribitur,
558 3649 614 3708 hoc
637 3657 698 3708 erat
719 3651 844 3721 tertium,
864 3652 942 3730 quod
965 3652 1003 3710 de
1023 3651 1174 3732 Hippolyti
