2648 4288
186 347 226 405 24
601 363 640 402 nn
654 362 783 404 orrrouu

238 491 326 549 etiem
344 497 390 548 eet
409 489 540 568 ejusdem
560 509 623 548 em
642 491 770 548 civitati&
811 490 905 548 Mults
922 491 998 549 enim
1015 499 1083 551 eunt
1097 495 1224 556 civibus
1296 501 1299 536 ⁸

238 579 362 638 interce
382 581 556 636 communie:
576 581 679 646 lorum,
698 581 773 646 sunu,
794 581 929 656 porticus,
944 581 1006 650 viae,
1021 582 1113 660 leges,
1137 587 1223 662 jura,

236 669 352 747 junco,
367 669 510 746 anagn
531 669 750 726 communes
770 661 913 745 prictcrca
935 677 967 727 ec
988 671 1223 742 immaritatas,
1300 657 1301 666 '

239 759 392 834 multisque
405 777 471 815 cum
484 758 581 814 multis
593 777 639 814 ree
652 759 832 834 mtionoeque
846 767 1010 817 connecte.

207 853 226 906 8
279 848 379 904 Artior
397 865 465 904 vero
487 847 631 924 colligatio
650 855 696 905 est
715 848 859 904 societatis
879 849 1117 925 propinquorum.
1169 852 1225 910 Ab

239 936 288 994 ille
306 937 381 993 enim
401 937 539 994 immense
556 936 691 994 societate
710 937 827 994 humani
840 939 952 1014 generis
965 938 994 995 in
1007 939 1153 1017 exiguum
1170 960 1223 998 un·

208 1031 228 1083 4
240 1034 415 1104 gustumque
425 1026 611 1083 concluditur.
650 1026 728 1083 Nam
740 1045 807 1083 cum
819 1027 856 1083 sit
869 1027 925 1084 hoc
938 1035 1042 1084 nature
1055 1047 1223 1088 commune

242 1116 434 1184 eminentium,
448 1123 482 1173 ut
494 1115 619 1173 hebeent
637 1113 793 1172 lubidinem
814 1116 990 1192 procreandi,
1005 1117 1099 1194 primo
1122 1107 1223 1177 socie-

241 1211 287 1262 tos
299 1205 403 1282 inipso
416 1204 549 1283 conjugio
561 1212 622 1271 eet;
642 1204 772 1281 proxime
787 1204 817 1262 in
835 1205 947 1274 liberie3
968 1205 1072 1264 deinde
1085 1228 1151 1266 nna
1166 1210 1223 1268 do·

240 1315 314 1363 mus,
329 1296 490 1355 communie
502 1295 606 1353 omnin.
647 1294 684 1351 Id
705 1300 804 1352 eutem
822 1300 868 1352 eet
891 1295 1063 1373 principium
1076 1299 1174 1368 urbis,
1190 1305 1222 1356 et

209 1385 323 1462 cqunsi
342 1385 523 1444 seminarium
540 1385 582 1442 rei
599 1383 732 1461 publicae.
773 1384 942 1461 Sequuntur
953 1386 1075 1445 ficuum
1090 1389 1221 1467 conjun-

242 1477 357 1541 ctiones,
372 1482 440 1551 poet
460 1474 692 1532 consobrinorum
715 1473 967 1551 sobrincrumque:
987 1477 1039 1552 qui
1061 1496 1132 1536 cnm
1158 1497 1220 1536 une

242 1563 329 1621 domo
344 1565 406 1641 jam
419 1563 483 1639 cepi
494 1581 552 1620 non
569 1563 687 1639 possint,
701 1562 731 1619 in
746 1563 816 1621 elius
830 1563 940 1632 domos,
954 1571 1105 1642 umquam
1119 1568 1154 1626 in
1170 1587 1220 1627 co-

210 1659 228 1712 6
242 1653 340 1719 locius,
350 1659 463 1709 exeunt
498 1651 665 1728 Sequuntur
675 1653 815 1710 connubia
828 1659 858 1712 et
870 1653 1034 1714 effinitetce:
1055 1659 1219 1734 exquibus

242 1743 328 1800 etiem
350 1741 446 1820 plures
464 1741 623 1819 propinqui.
665 1742 738 1810 Quae
758 1743 930 1822 propagatio
949 1750 980 1802 et
998 1745 1115 1803 suboles
1130 1747 1236 1826 origo¹

242 1839 288 1890 cet
300 1850 395 1888 rerum
408 1830 594 1908 publicarum.
636 1831 787 1910 Sunguinis
800 1839 897 1890 entem
911 1834 1075 1911 conjunctio
1088 1843 1118 1893 ct
1133 1836 1218 1895 beni-

242 1921 366 1981 volentia
375 1921 497 1980 devincit
510 1921 638 1980 homines
651 1929 681 1979 et
694 1922 820 1981 caritate.
864 1923 1003 2002 Magnum
1016 1929 1061 1982 est
1073 1926 1152 1984 enim
1168 1945 1217 1986 ee·

244 2012 310 2070 dem
324 2013 430 2070 hebere
443 2019 626 2070 monumento
638 2012 788 2091 majorum,
799 2011 906 2070 eisdem
917 2014 961 2071 uti
971 2014 1066 2084 sacris,
1078 2017 1218 2094 sepulcre

243 2103 349 2164 habere
363 2101 532 2161 communie.

211 2193 229 2254 'l
283 2193 342 2252 Sed
369 2193 495 2252 omnium
527 2192 696 2250 societatum
721 2191 800 2248 nulle
832 2193 1016 2269 praestantior
1049 2201 1102 2263 est,
1131 2195 1217 2255 nulle

244 2284 356 2351 firmior,
371 2302 457 2360 quum
471 2301 537 2341 cum
554 2281 606 2339 viri
625 2281 700 2348 boni,
714 2281 841 2340 moribus
861 2282 975 2351 similos,
989 2291 1057 2342 eunt
1069 2286 1215 2344 familiari-

243 2381 303 2432 tete
316 2373 467 2451 conjuncti,
508 2371 586 2431 Illud
605 2371 681 2430 enim
701 2372 853 2430 honestum
867 2372 957 2449 (qnod
977 2392 1057 2452 saepe
1077 2374 1214 2454 dicimus)

245 2464 331 2522 etium
345 2464 411 2522 siin
424 2463 479 2522 elio
493 2462 642 2529 cernimus,
656 2468 753 2519 tomen
772 2479 824 2519 nos
838 2468 935 2520 movet
947 2470 1034 2540 etque
1047 2465 1096 2532 illi,
1111 2465 1140 2524 in
1154 2483 1215 2544 quo

212 2561 230 2615 8
244 2555 274 2613 id
287 2555 378 2612 inesse
390 2553 511 2619 videtur,
525 2552 631 2609 amicos
650 2551 726 2608 lecit.
766 2549 804 2608 Et
824 2569 996 2628 quemquem
1017 2555 1108 2612 omnis
1121 2556 1214 2616 virtus

243 2663 296 2702 nos
316 2643 355 2702 ud
376 2660 407 2699 se
426 2641 513 2700 ellicit
531 2640 664 2716 lecitque,
678 2646 712 2697 ut
731 2657 781 2698 cos
799 2639 959 2718 diligamus,
974 2642 1004 2700 in
1024 2643 1129 2720 quibus
1148 2645 1214 2725 ipse
1303 2637 1304 2640 '

244 2733 335 2790 inesse
349 2731 494 2788 videntur:
515 2736 611 2789 tamen
630 2728 747 2806 justitio,
762 2735 792 2786 et
804 2729 958 2790 liberalitas
970 2731 1001 2790 id
1014 2733 1138 2792 maxime
1152 2731 1214 2794 effi·

213 2829 231 2884 9
246 2822 292 2880 cit
333 2819 412 2878 Nihil
425 2825 522 2876 cutem
536 2825 580 2878 cst
593 2817 739 2876 amabilius
751 2836 804 2876 nec
818 2820 986 2897 copulatius,
997 2840 1084 2899 quem
1098 2843 1213 2883 morum

245 2909 401 2970 similitudo
424 2909 572 2966 bonorum.
613 2908 649 2966 In
671 2907 775 2985 quibus
795 2909 870 2968 enim
894 2911 996 2970 eudem
1019 2913 1115 2971 studia
1134 2921 1213 2981 sunt,

245 3001 355 3060 eaedem
376 2999 546 3066 voluntates,
570 2997 599 3055 in
621 2997 666 3056 his
689 2998 730 3066 fit,
755 3005 789 3056 ut
808 3017 892 3076 aeque
912 3001 1031 3080 quisque
1051 3003 1142 3061 nltcro
1161 3003 1212 3062 dc.

244 3092 373 3158 luctetur,
387 3109 421 3148 uc
435 3107 466 3148 sc
479 3088 557 3166 ipso:
579 3087 754 3166 efficiturque
767 3087 805 3157 id,
821 3089 899 3166 quod
911 3090 1094 3169 Pythagorae
1107 3093 1170 3150 vult
1184 3094 1214 3151 in

193 3187 232 3242 10
246 3179 376 3248 amicitia,
390 3186 424 3238 ut
443 3197 517 3236 unus
540 3179 591 3236 fiat
611 3197 647 3236 er
668 3178 806 3256 pluribus.
847 3177 955 3258 Magne
974 3181 1121 3240 etiumillo
1134 3201 1212 3242 com·

245 3270 368 3330 munius
381 3276 434 3338 cst,
449 3287 515 3345 quae
528 3267 674 3326 conficitur
692 3287 728 3326 ex
749 3268 890 3327 beneficiis
910 3269 986 3328 ultro
1004 3277 1034 3330 et
1051 3271 1123 3330 citro
1137 3273 1213 3332 datis

245 3358 440 3436 acceptisque:
461 3377 526 3434 quae
542 3364 571 3415 et
584 3363 684 3414 mutuo
696 3363 726 3415 et
739 3363 822 3436 grute
835 3357 905 3416 dum
918 3366 993 3427 eunt,
1005 3360 1078 3418 inter
1091 3381 1164 3440 quos
1177 3381 1213 3422 ca

246 3445 614 3508 suntfirmudcvinciuntur
627 3446 769 3505 societate.
1160 3469 1164 3474 ·

194 3546 231 3602 11
287 3529 352 3598 Sed
370 3555 436 3596 cum
457 3536 550 3593 omnic
570 3535 678 3593 notione
698 3536 847 3614 animoque
866 3538 1004 3606 lustraris,
1019 3539 1146 3598 omnium
1166 3559 1210 3600 so-

247 3630 382 3688 cietatum
402 3624 480 3684 nullo
501 3631 545 3682 est
566 3625 686 3704 gravior,
701 3625 779 3682 nulle
792 3627 890 3695 carior,
905 3646 992 3707 quem
1005 3647 1048 3697 ec,
1063 3647 1130 3708 quae
1145 3647 1210 3688 cum

1301 2837 1304 2940 l

1301 3367 1303 3488 l

196 3723 234 3779 12
249 3735 280 3776 re
293 3717 408 3795 publice
421 3721 466 3774 eet
478 3714 627 3791 unicudque
647 3719 784 3772 nostrum.
826 3715 893 3774 Ocri
912 3724 979 3776 sunt
999 3725 1141 3796 parentes,
1155 3716 1210 3777 cori
1301 3771 1302 3804 3
