2648 4288
389 393 475 430 urana
490 392 508 430 1.
542 393 626 464 ,oum
642 393 720 432 xxix.
1027 373 1063 434 87

86 536 118 573 co
130 519 205 594 plura
218 519 272 576 dici
285 520 385 578 solent.
427 520 485 578 Sed
506 528 568 578 tum
587 539 699 578 servare
718 520 790 578 illud
811 528 918 596 poetas,
933 519 1011 597 quod
1026 527 1043 578 2

86 614 159 674 coeat,
171 607 293 676 dicimus,
305 628 370 666 cum
384 609 422 674 id,
434 610 512 686 quod
523 628 635 685 quaque
650 628 770 686 persona
784 611 902 687 dignum
916 619 969 678 est,
981 617 1011 668 et

87 708 133 760 ,et
143 697 246 754 dicitur.
284 698 333 764 Ut,
345 699 369 756 si
382 700 493 756 AEacus
507 709 557 756 aut
571 699 665 756 Minos
679 700 787 756 diceret
803 701 926 766 Ouerint
941 701 1011 756 dum

86 793 178 852 eluant,
192 795 239 844 aut
252 787 342 844 Natis
354 789 478 861 sepulcro
491 790 548 862 ipsc
561 797 599 844 eet
608 807 733 862 paream
754 788 918 846 indecorum
932 789 1009 846 vide·

86 883 135 941 tur,
149 877 220 952 quod
234 895 283 934 eos
296 877 382 934 fuisse
400 879 495 956 justos
515 879 685 954 accepimus.
727 879 769 936 At
783 880 874 936 Atreo
888 879 1008 947 dicente,

86 984 164 1022 ausus
183 963 346 1024 excitantur.
388 967 440 1024 mc
462 967 536 1024 enim
558 967 644 1045 digua
666 987 787 1045 persona
808 969 905 1026 oratio.
947 968 1039 1026 Sede

86 1062 150 1121 e'tee,
164 1055 229 1131 quid
248 1075 388 1132 quemque
402 1055 510 1125 deceat,
525 1076 560 1113 ex
581 1075 701 1132 persona
719 1057 907 1133 judicabunt:
929 1059 1009 1114 nobis

86 1151 141 1199 tem
154 1163 304 1220 personam
317 1145 451 1220 imposuit
461 1145 523 1221 ipse
533 1154 634 1202 nature
648 1165 829 1222 magnacum
842 1145 1009 1204 excellentia

86 1234 265 1309 aestamiaque
281 1233 465 1290 animantium
479 1221 659 1310 reliquarum.
702 1234 840 1301 Quocirca
861 1243 965 1310 poetae,
980 1235 1042 1292 in4
1075 1233 1109 1288 ¹7?

86 1341 151 1397 igne
164 1322 299 1378 verietate
321 1341 515 1397 personarum,
537 1321 623 1378 ctiam
638 1322 743 1380 vitiosis
763 1321 831 1398 quid
853 1323 1009 1390 conveniet,

91 1409 156 1484 quid
177 1409 284 1476 deceat,
300 1409 455 1468 videbunt:
477 1411 560 1468 nobis
579 1421 676 1468 autem
698 1429 763 1468 cum
784 1430 802 1468 a
822 1419 924 1468 natura
944 1431 1009 1469 con·

86 1500 164 1567 ratim,
185 1500 391 1566 moderationis,
416 1501 619 1577 temperentiae,
640 1500 817 1557 verecundiae
840 1507 937 1578 partes
958 1500 1008 1558 da-

99 1589 170 1656 sint;
192 1609 313 1666 cumque
327 1587 427 1646 eedem
442 1598 542 1646 natura
556 1589 658 1648 doceat
671 1607 727 1646 nou
740 1589 895 1668 negligere,
910 1609 1008 1667 quem-

86 1678 198 1736 modum
221 1697 272 1736 nos
296 1677 431 1734 adversus
453 1679 580 1736 homines
600 1697 751 1756 geremus:
774 1679 901 1746 efficitur,
926 1686 959 1736 ut
979 1686 1009 1738 et

86 1768 121 1834 id,
138 1768 215 1844 quod
230 1768 266 1825 ad
281 1786 393 1826 omnem
414 1768 592 1826 honestatem
613 1768 743 1844 pertinet,
759 1768 904 1836 decorum,
919 1788 1007 1845 quam

86 1857 207 1914 elusum
222 1857 266 1923 sit,
282 1864 438 1934 appareat;
459 1865 489 1914 et
503 1857 566 1924 hoc,
581 1857 659 1934 quod
680 1865 826 1933 spectatur
838 1858 867 1915 in
881 1877 1007 1934 unoquo·

86 1965 96 2002 e
110 1965 214 2022 genere
223 1946 341 2004 virtutis.
374 1946 498 2004 Utenim
512 1946 695 2022 pulchritudo
709 1947 834 2024 corporis
848 1954 917 2024 apta
930 1965 1007 2004 com·
1021 1955 1039 2006 5

86 2037 178 2092 sitione
201 2036 393 2093 membrorum
418 2045 514 2093 movet
534 2036 640 2101 oculos,
662 2042 691 2092 et
711 2034 836 2093 delectat
859 2037 913 2094 hoc
934 2035 1006 2112 ipso,

86 2125 117 2180 id
131 2126 204 2181 inter
218 2143 248 2182 se
263 2143 360 2181 omnes
374 2134 470 2201 partes
484 2144 549 2182 cum
563 2123 689 2200 quodam
703 2124 801 2200 lepore
811 2125 1006 2182 consentiunt:

94 2215 148 2270 hoc
162 2214 306 2280 decorum,
322 2213 400 2289 quod
421 2213 515 2280 elucet
535 2213 563 2270 in
577 2213 642 2278 vite,
658 2219 753 2269 movet
772 2213 1007 2290 approbationem

86 2323 146 2369 um,
162 2303 332 2379 quibusoam
346 2302 457 2368 vivitur,
479 2301 576 2358 ordine
598 2309 627 2357 et
648 2302 806 2358 constantia
827 2308 857 2358 et
877 2301 1006 2358 modera-

86 2411 114 2448 re
123 2393 265 2450 dictorum
274 2390 400 2448 omnium
409 2399 496 2469 atque
504 2391 654 2446 factorum.
685 2390 861 2448 Adhibenda
869 2399 913 2447 est
921 2390 1039 2467 igiturss

86 2483 172 2539 edam
196 2481 353 2539 reverentie
372 2480 510 2538 adversus
530 2479 667 2544 homines,
688 2487 718 2536 et
738 2479 838 2555 optimi
858 2479 1005 2556 cujusque,

87 2572 269 2647 reliquorum.
312 2570 387 2626 Nam
409 2569 563 2646 negligere,
579 2567 648 2644 quid
668 2568 704 2626 de
719 2587 750 2626 se
763 2569 881 2645 quisque
895 2569 1005 2636 sentiat,

86 2661 202 2718 rsolum
216 2659 374 2738 arrogantis
395 2666 446 2725 est,
463 2658 513 2716 sed
535 2657 620 2715 etiem
642 2658 755 2716 omnino
777 2659 912 2716 dissoluti.
954 2659 1038 2718 rsit

88 2771 134 2807 em
158 2750 238 2826 quod
262 2749 381 2815 differat,
406 2749 435 2805 in
463 2748 608 2806 hominum
636 2749 744 2806 ratione
770 2748 910 2815 habende,
934 2748 1007 2806 iuter

86 2841 173 2896 titiam
195 2848 224 2896 et
238 2838 444 2896 verecundiam.
486 2837 610 2896 Justitiae
630 2845 726 2913 partes
747 2847 813 2896 sunt
833 2857 890 2896 uon
902 2838 1039 2897 violares

86 2930 173 2994 niues,
189 2927 368 2986 verecundiae
383 2946 439 2984 nou
453 2926 605 2993 offendere,
619 2926 647 2984 iu
661 2946 719 3002 quo
732 2927 852 2984 maxime
872 2928 1006 3004 perspici·

95 3019 138 3075 vis
153 3017 259 3076 decori.
299 3017 352 3074 His
366 3016 452 3094 igitur
464 3016 598 3093 expositis
612 3016 695 3092 quule
709 3017 747 3074 sit
758 3015 797 3083 id,
812 3015 890 3092 quod
903 3016 1006 3074 decere

88 3128 165 3174 mus,
179 3107 356 3165 intellectum
370 3113 449 3182 puto.

86 3287 212 3345 )fficium
234 3291 340 3352 eutem,
360 3284 437 3360 quod
458 3283 495 3340 ab
516 3301 550 3340 eo
571 3282 692 3350 ducitur,
714 3283 788 3341 hunc
810 3283 932 3360 primum
954 3285 1037 3344 ἱππ-9

96 3375 185 3444 viam,
202 3393 269 3452 quae
282 3373 398 3432 deducit
409 3373 447 3430 ad
467 3372 689 3430 convenientiam
709 3374 1005 3450 conservationemque

86 3483 164 3522 urae:
186 3483 274 3541 quam
294 3463 318 3521 si
338 3481 488 3539 sequemur
508 3462 620 3529 ducem,
637 3481 782 3538 nunquam
802 3463 1004 3529 aberrabimus,

86 3573 247 3630 uemurque
261 3560 290 3610 et
302 3553 342 3618 id,
355 3551 432 3629 quod
446 3559 561 3608 acutum
576 3558 605 3608 et
619 3551 766 3627 perspicax
779 3553 881 3608 nature*
893 3557 937 3607 est
948 3569 955 3615 ;
976 3555 1006 3606 et

86 3643 165 3720 quod
181 3643 221 3700 ad
232 3642 377 3699 hominum
391 3641 623 3698 consociationem
638 3639 882 3696 accommodatum
894 3657 901 3702 ;
922 3644 952 3693 et
965 3632 1003 3704 id,

86 3733 109 3790 d
124 3733 284 3790 vehemens
304 3737 390 3807 etque
408 3729 489 3788 forte.
531 3727 590 3786 Sed
610 3728 733 3786 maxima
745 3727 787 3784 vis
801 3725 896 3784 decori
908 3724 937 3782 in
950 3725 1004 3786 hac
1019 3733 1055 3789 10

541 3821 561 3874 4
