2648 4288
178 367 218 426 20
592 385 631 424 nu
651 383 780 424 omens

197 517 215 568 3
230 509 345 588 plicium
357 511 449 570 redire
464 512 571 578 maluit,
587 531 673 588 quam
686 512 772 569 fidem
785 511 861 569 hosti
874 509 972 569 datam
985 510 1091 569 fallare.
1127 507 1201 589 [Se-

230 599 324 657 cundo
343 607 439 658 autem
459 602 566 658 Punico
586 601 669 667 bello,
685 607 750 677 post
771 601 948 658 Cannensem
968 617 1106 676 pugnam,
1121 617 1201 675 quos

228 687 329 746 decem
343 689 484 747 Hannibal
498 691 620 747 Romam
634 690 764 746 astrictos
776 689 853 746 misit
863 689 928 766 jure
940 687 1064 763 jurando
1078 706 1108 745 sa
1119 687 1200 745 redi·

230 783 309 834 turos
323 797 394 846 esse,
408 778 460 835 nisi
479 779 515 836 de
535 777 706 835 redimendis
719 778 761 844 iis,
774 778 823 853 qui
843 776 920 853 capti
940 782 1029 842 erant,
1043 776 1199 851 impetras-

230 872 307 933 sent;
328 885 376 924 eos
396 885 503 933 omnes,
518 885 658 933 censores,
672 866 767 942 quoad
790 866 910 942 quisquc
930 883 1028 921 eorum
1049 864 1126 930 vixit,
1142 863 1198 939 qui

232 955 414 1032 pejerasseut,
433 956 462 1012 in
486 956 590 1014 aerariis
617 955 798 1030 reliquerunt.
839 953 901 1011 Nec
925 953 1018 1010 minus
1041 952 1128 1017 illum,
1143 952 1201 1028 qui
1316 1011 1317 1016 ,

197 1043 299 1119 4]ιιιὶι
317 1042 431 1120 jurandi
450 1043 551 1100 fraude
571 1042 685 1119 culpam
705 1043 858 1100 invenerat.
900 1041 975 1098 Oum
992 1040 1067 1097 enim
1086 1039 1199 1098 Hanni·

230 1132 301 1188 balis
321 1131 461 1207 permissu
473 1133 576 1188 exisset
596 1131 633 1188 de
646 1132 755 1198 castris,
769 1131 852 1188 rediit
872 1131 958 1207 paulo
979 1135 1053 1206 post,
1069 1128 1147 1204 quod
1161 1148 1199 1186 se

198 1228 216 1279 5
231 1220 349 1278 oblitum
361 1221 456 1278 nescio
469 1220 538 1297 quid
552 1220 666 1278 diceret.
708 1219 819 1276 Deinde
833 1237 965 1295 egressns
979 1218 1113 1284 ecastris,
1127 1217 1199 1293 jure

228 1310 350 1386 jurando
370 1327 401 1367 se
421 1310 545 1368 solutum
565 1309 695 1386 putabat.
735 1309 774 1366 Et
794 1314 855 1364 crat
874 1307 976 1373 verbis,
991 1325 1022 1363 re
1042 1324 1100 1363 non
1120 1313 1196 1364 erat.

199 1403 216 1456 6
231 1398 351 1475 Semper
363 1405 459 1456 autem
472 1399 501 1456 in
514 1398 579 1466 fide,
594 1396 664 1474 quid
684 1396 811 1462 senseris,
826 1415 884 1452 non
896 1394 965 1471 quid
986 1381 1100 1462 dixeris,
1115 1393 1197 1471 cogi-

200 1486 216 1544 Ἰ
230 1487 357 1543 tandum.
392 1485 547 1543 Maximum
560 1493 657 1543 autem
670 1484 832 1560 exemplum
845 1489 890 1540 est
900 1483 1027 1560 justitiae
1040 1483 1070 1539 in
1082 1483 1200 1540 bostem

231 1574 423 1650 amajoribus
449 1574 561 1656 nostris¹
579 1573 772 1639 constitutum,
796 1591 862 1630 cum
888 1589 906 1628 a
932 1571 1045 1648 Pyrrho
1074 1571 1199 1648 perfuga

232 1662 340 1718 senatui
360 1668 404 1718 est
426 1662 575 1737 pollicitum,
599 1679 629 1718 se
656 1680 796 1718 venenum
823 1660 884 1738 regi
912 1659 1055 1726 daturum,
1077 1667 1197 1718 etcum

232 1758 405 1807 necaturum.
446 1750 568 1807 Senatus
582 1756 611 1807 et
632 1749 664 1807 0.
680 1750 825 1806 Fabricius
845 1749 996 1826 perfugam
1015 1748 1129 1825 Pyrrho
1143 1747 1196 1805 de-

201 1844 218 1896 8
233 1837 313 1895 didit.
354 1839 400 1895 Ita
419 1856 454 1894 ne
474 1837 563 1895 hostis
576 1838 691 1914 quidem
705 1844 735 1895 ct
755 1836 878 1914 potentis
892 1843 922 1894 et
942 1837 1049 1894 bellum
1063 1837 1140 1894 ultro
1154 1836 1197 1892 iu-

232 1923 347 2006 lerentis
367 1925 511 1983 interitum
529 1946 594 1984 cum
613 1926 718 1984 scelere
732 1923 924 2004 approbavit]
964 1925 1011 1983 Ac
1032 1925 1068 1983 de
1088 1925 1197 1984 bellicis

232 2014 347 2091 quidem
361 2015 456 2072 officiis
470 2015 538 2073 satis
552 2015 661 2072 dictum
674 2023 726 2072 cst.
1142 2082 1143 2086 ,

201 2109 219 2162 9
272 2103 480 2161 Meminerimus
494 2111 598 2171 autem,
610 2104 695 2161 etiam
708 2103 845 2160 adversus
858 2102 968 2159 infimos
980 2101 1119 2178 justitiam
1132 2121 1196 2161 esse

234 2193 409 2250 tervandam.
450 2193 503 2250 Est
516 2200 612 2250 autem
625 2193 720 2249 infima
734 2191 857 2248 conditio
872 2198 902 2249 et
910 2191 1026 2248 fortuna
1039 2209 1194 2260 servorum,

233 2282 334 2358 quibus
353 2300 409 2338 non
428 2281 502 2338 mdc
523 2279 761 2358 praecipiunt-qui
788 2279 828 2336 ita
849 2279 952 2355 jubent
972 2279 1014 2336 uti
1034 2285 1067 2337 ιιι
1087 2297 1194 2338 merec-

183 2375 219 2427 10
234 2371 324 2437 uariis,
349 2389 464 2447 operam
495 2369 672 2448 exigendam,
685 2368 764 2446 justa
786 2367 950 2446 praebenda.
1001 2368 1076 2425 Cum
1098 2375 1195 2428 autem

236 2459 348 2516 duobus
367 2459 467 2527 modis,
482 2458 512 2516 id
532 2467 575 2516 est
595 2465 646 2516 aut
665 2457 693 2515 vi
712 2465 763 2515 aut
782 2456 892 2522 fraude,
907 2456 958 2514 fiat
977 2457 1095 2533 injuria;
1116 2457 1195 2515 fraus

235 2548 316 2624 quasi
337 2547 506 2625 vulpeculae,
522 2547 564 2604 vis
582 2547 669 2604 leonis
683 2546 810 2604 videtur:
836 2551 988 2621 utrumque
1002 2545 1115 2604 homine
1128 2545 1194 2603 alie-

183 2643 219 2696 11
236 2637 390 2702 nissimum,
406 2636 458 2694 sed
471 2636 549 2692 fraus
564 2636 628 2692 odio
642 2633 729 2710 digua
742 2633 858 2710 majore.
900 2633 997 2691 Totins
1011 2642 1107 2692 autem
1121 2634 1194 2710 inju-

236 2725 321 2782 stitiae
341 2724 419 2780 nulla
440 2723 585 2798 capitalior
604 2727 656 2788 est,
671 2739 756 2797 quam
777 2741 884 2788 eorum,
900 2721 1032 2798 quitum,
1049 2742 1114 2780 cum
1134 2741 1194 2780 ma-

131 2854 133 2860 .
234 2812 308 2870 xime
322 2810 430 2878 fallunt,
443 2811 471 2867 id
485 2818 584 2887 agunt,
595 2817 628 2868 ut
640 2809 692 2867 viri
706 2809 771 2868 boni
784 2829 846 2868 esse
857 2810 1015 2870 videantur.
1055 2811 1100 2869 De
1111 2811 1195 2888 justi-

234 2901 274 2960 tia
288 2899 355 2957 satis
369 2899 478 2958 dictum
492 2907 544 2958 est.

273 3077 354 3136 XIV.
376 3077 527 3154 Deinceps,
541 3082 575 3133 ut
588 3081 649 3133 erat
661 3075 849 3152 propositum,
865 3075 901 3134 de
922 3076 1140 3134 beneficentia
1159 3095 1194 3136 ac

235 3168 272 3226 de
285 3167 486 3224 liberalitate
497 3165 621 3231 dicatur;
635 3184 692 3242 qua
702 3165 816 3241 quidem
826 3163 893 3221 nibil
902 3171 945 3222 est
954 3172 1064 3222 naturae
1074 3166 1194 3224 hominis

203 3265 219 3317 2
235 3254 489 3314 accommodatius:
511 3255 562 3312 sed
576 3254 663 3311 habet
677 3254 780 3310 multas
794 3253 947 3312 cautiones.
975 3253 1139 3312 Videndum
1149 3261 1193 3312 est

234 3345 308 3403 enim
330 3343 460 3420 primum,
475 3361 511 3400 ne
533 3342 606 3400 obsit
628 3341 794 3419 benignitas,
815 3349 846 3398 et
868 3341 900 3399 iis
924 3342 999 3419 ipsis,
1021 3342 1123 3419 quibus
1144 3343 1192 3400 be-

233 3435 318 3512 nigne
331 3432 474 3490 videbitur
487 3431 554 3497 fieri,
570 3438 600 3489 et
613 3431 730 3488 ceteris:
753 3430 862 3498 deinde,
876 3450 912 3488 ne
931 3432 1022 3508 major
1036 3431 1193 3509 benignitas

234 3524 279 3590 sit,
295 3539 381 3599 quam
394 3521 562 3577 facultates:
582 3526 653 3586 tum,
664 3526 697 3575 ut
711 3537 763 3595 pro
777 3519 915 3596 dignitate
928 3519 1029 3597 cuique
1043 3518 1190 3578 tribuatur.

234 3613 271 3671 Id
285 3612 359 3669 enim
372 3617 416 3668 est
433 3609 553 3688 justitia
568 3608 795 3676 tundamentum,
809 3605 847 3670 ad
861 3625 948 3684 quam
966 3608 1032 3668 bac
1044 3607 1193 3668 referenda

234 3709 301 3762 suut
313 3699 415 3760 omnia.
