2750 4284
200 383 237 446 'lt
620 401 657 440 on
672 401 798 442 ormena

250 529 312 588 nori
338 547 450 588 summo
475 549 568 606 nuper
594 538 692 588 nostro
719 530 816 589 Miloni
842 530 904 598 fuit,
933 529 982 606 qui
1008 529 1223 608 gladiatoribus

251 619 354 697 emptis
376 620 417 677 rei
441 620 563 698 publicae
584 639 677 687 causa,
695 639 760 698 quae
781 621 873 678 salute
892 628 989 677 nostra
1008 621 1220 690 continebatur,

219 716 237 768 5
252 728 349 766 omnes
359 709 392 767 P.
405 709 497 766 Clodii
511 718 628 766 conatus
642 710 807 786 furoresque
818 710 994 786 compressit.
1022 710 1116 767 (lausa
1126 711 1222 788 igitur

251 797 405 876 largitionis
420 807 471 864 est,
493 799 517 855 si
537 805 587 856 aut
607 817 722 856 necesse
746 805 799 867 est,
820 806 870 856 aut
890 798 968 856 utile.
1011 800 1046 856 In
1059 799 1102 856 his
1117 807 1220 856 autem

219 889 236 946 θ
250 886 318 964 ipsis
333 887 532 945 mediocritatis
546 887 646 965 regula
659 888 766 966 optima
780 895 831 946 est.
872 888 905 945 L.
920 887 1037 964 quidem
1051 888 1219 966 Philippus,

251 977 284 1045 Q,
301 977 343 1044 F,
357 995 462 1054 magno
476 977 518 1034 vir
537 977 648 1054 ingenio
668 976 697 1034 in
717 977 871 1054 primisque
891 977 993 1044 clarus,
1007 978 1121 1055 gloriari
1141 979 1219 1036 sole·

251 1067 310 1134 bat,
331 1083 362 1124 se
383 1067 441 1124 sine
461 1065 521 1124 ullo
539 1085 655 1123 munere
675 1066 812 1142 adeptum
833 1084 895 1123 esse
915 1067 1016 1134 omnia,
1038 1085 1103 1143 quae
1127 1067 1217 1125 habe·

219 1154 348 1214 'trentur
361 1155 541 1233 amplissima.
576 1155 697 1213 Dicebat
710 1154 786 1212 idem
801 1155 896 1224 Cotta,
910 1155 1006 1214 Curio.
1040 1156 1130 1214 Nobis
1143 1175 1217 1232 quo-

250 1263 306 1321 quc
319 1245 385 1304 licet
398 1245 426 1302 in
439 1246 493 1302 hoc
507 1244 632 1322 quodam
650 1244 735 1301 modo
755 1243 876 1322 gloriari.
919 1245 995 1301 Nam
1011 1264 1065 1321 pro
1078 1245 1215 1323 amplitu-

251 1335 316 1394 dine
336 1336 482 1401 honorum,
498 1354 569 1412 quos
590 1334 697 1391 cunctis
718 1333 858 1411 suffragiis
878 1333 975 1411 adepti
996 1353 1094 1392 sumus
1117 1341 1216 1392 nostro

250 1425 365 1502 quidem
386 1444 468 1492 anno,
483 1424 561 1500 quod
581 1423 701 1500 contigit
721 1441 819 1480 eorum
838 1423 950 1489 nemini,
965 1443 1037 1500 quos
1057 1423 1144 1482 modo
1163 1443 1216 1482 no·

219 1521 236 1572 8
251 1514 362 1579 minari,
378 1532 445 1570 sane
466 1514 585 1590 exiguus
606 1520 737 1588 sumptus
756 1511 896 1570 aedilitatis
912 1511 973 1570 fuit.
1015 1513 1113 1590 Atque
1128 1513 1215 1571 etiam

249 1602 305 1658 illae
325 1603 460 1679 impensae
479 1601 616 1668 meliores,
633 1601 714 1668 muri,
735 1602 853 1669 navalia,
868 1608 976 1679 portus,
991 1621 1128 1678 aquarum
1143 1602 1215 1660 duc·

217 1696 236 1749 a
250 1697 305 1757 tus,
321 1690 478 1765 omniaque,
494 1707 559 1766 quae
572 1689 609 1746 ad
623 1709 707 1747 usum
720 1690 760 1748 rei
780 1691 903 1768 publica
917 1691 1065 1768 pertinent.
1107 1693 1214 1760 Quam·

250 1798 344 1856 quam,
359 1778 436 1854 quod
458 1797 582 1856 praesens
603 1786 750 1856 tamquam
769 1781 797 1838 in
817 1798 932 1838 manum
953 1781 1045 1848 datur,
1058 1781 1214 1858 jucundius

199 1875 236 1928 10
251 1877 311 1926 est:
340 1875 435 1924 tamen
454 1868 515 1926 baec
535 1868 563 1925 in
588 1875 736 1945 posterum
756 1869 888 1947 gratiora.
929 1870 1058 1937 Theatra,
1078 1871 1214 1948 porticus,

250 1975 323 2016 nova
344 1957 460 2033 templa,
477 1957 662 2015 verecundius
682 1958 868 2034 reprebendo,
889 1965 1007 2036 propter
1026 1960 1214 2036 Pompeium:

251 2047 303 2106 sed
323 2047 477 2105 doctissimi
497 2066 554 2104 non
574 2049 704 2124 probant,
718 2054 751 2104 ut
770 2055 799 2104 et
820 2047 865 2104 bic
884 2048 943 2123 ipse
958 2049 1110 2115 Panaetius,
1125 2068 1214 2126 quem

253 2125 390 2194 multum'
399 2137 428 2194 in
451 2137 494 2193 his
518 2137 595 2195 libris
619 2144 734 2195 secutus
758 2155 830 2203 sum,
856 2155 912 2194 non
935 2137 1134 2214 interpretatus
1146 2158 1153 2206 ;
1184 2146 1215 2196 et

129 2223 131 2226 ’
199 2231 234 2286 11
249 2227 403 2284 Phalereus
427 2227 596 2294 Demetrius,
617 2227 665 2302 qui
685 2225 832 2292 Periclem,
854 2227 1009 2303 principem
1032 2228 1158 2294 Graeciae,
1173 2227 1213 2285 vi-

249 2323 372 2394 tuperat,
392 2315 469 2392 quod
490 2322 599 2373 tantam
621 2315 769 2393 pecuniam
794 2315 822 2371 in
843 2316 979 2392 praeclara
999 2315 1047 2373 illa
1066 2317 1215 2393 propylaea

250 2406 409 2484 conjecerit.
452 2405 510 2462 Sed
525 2405 561 2462 de
575 2406 629 2463 hcc
649 2424 753 2483 genere
774 2411 843 2470 toto,
858 2404 886 2460 in
899 2404 931 2461 iis
944 2405 1031 2470 libris,
1046 2425 1118 2481 quos
1133 2405 1169 2462 de
1183 2424 1214 2462 re

199 2500 235 2554 12
251 2496 365 2572 publica
385 2495 492 2572 scripsi,
508 2494 659 2571 diligenter
673 2502 717 2551 est
730 2493 916 2571 disputatum.
959 2494 1030 2550 Tota
1044 2494 1129 2572 igitur
1142 2495 1214 2552 ratio

252 2585 350 2642 talium
364 2583 543 2660 largitionum
557 2603 660 2660 genere
670 2583 769 2640 vitiosa
783 2589 834 2649 est,
847 2583 1023 2658 temporibus
1037 2584 1213 2651 necessaria;

250 2679 279 2730 et
293 2681 354 2730 tum
368 2673 461 2748 ipsum
473 2672 550 2729 etad
564 2673 714 2730 facultates
724 2671 966 2729 accommodanda
976 2678 1005 2729 et
1018 2673 1214 2731 mediocritate

249 2760 425 2819 moderanda
439 2767 491 2817 est.

227 2989 229 2996 ,
288 2938 401 2996 XVIII.
424 2938 459 2995 In
471 2937 520 2995 illo
534 2945 631 2996 autem
645 2938 735 2996 altero
748 2957 851 3017 genere
865 2938 1011 3017 largiendi,
1023 2940 1100 3016 quod
1114 2960 1131 2997 a
1145 2941 1211 3000 libe·
1226 3001 1228 3008 ,

250 3030 360 3086 ralitate
389 3027 584 3106 proficiscitur,
610 3048 666 3086 non
693 3048 749 3086 uno
773 3028 859 3086 modo
885 3029 914 3085 in
938 3029 1097 3105 disparibus
1122 3031 1212 3088 causis

219 3119 348 3178 taffecti
371 3137 433 3176 esse
453 3118 598 3176 debemus.
641 3118 708 3175 Alia
729 3136 814 3176 causa
834 3124 878 3174 est
898 3117 968 3194 ejus,
984 3118 1032 3194 qui
1054 3119 1212 3178 calamitate

251 3207 395 3284 premitur,
411 3214 440 3264 et
460 3207 530 3286 ejus,
546 3208 594 3284 qui
614 3227 659 3265 res
679 3209 808 3266 meliores
829 3207 937 3282 quaerit,
954 3207 1038 3264 nullis
1058 3209 1115 3268 suis
1128 3210 1212 3266 rebus

218 3304 235 3356 8
251 3295 383 3354 adversis.
424 3297 594 3373 Propensior
607 3297 766 3374 benignitas
780 3315 841 3354 esse
853 3295 968 3353 debebit
984 3297 1012 3352 in
1028 3298 1211 3365 calamitosos,

249 3385 302 3444 nisi
316 3385 390 3443 sorte
403 3393 485 3442 erunt
498 3386 575 3464 digni
590 3387 756 3444 calamitate.
799 3387 833 3442 In
852 3385 885 3441 iis
906 3391 1010 3452 tamen,
1026 3387 1118 3463 quise
1132 3387 1212 3465 adju-

249 3475 309 3534 vari
319 3475 421 3541 volent,
433 3493 490 3532 non
499 3494 534 3532 nc
549 3475 717 3553 affligantur,
730 3475 780 3534 sed
796 3481 827 3531 ut
841 3473 969 3530 altiorem
983 3475 1105 3552 gradum
1119 3495 1212 3534 ascen-

251 3565 329 3633 dant,
342 3565 462 3622 restricti
477 3565 589 3622 omnino
603 3583 665 3622 esse
678 3565 757 3623 nullo
770 3563 856 3621 modo
867 3562 1020 3620 debemus:
1042 3565 1093 3623 sed
1107 3565 1135 3622 in
1146 3565 1212 3636 deli-
1314 3609 1322 3630 .

249 3655 349 3732 gendis
363 3655 469 3712 idoneis
477 3655 618 3732 judicium
632 3662 661 3712 et
674 3654 849 3732 diligentiam
863 3651 1008 3711 adhibere.
1050 3655 1079 3712 N
1080 3673 1127 3714 am
1141 3673 1213 3732 pra·

251 3743 325 3801 clare
339 3744 445 3800 Ennius
458 3763 464 3802 :
830 3751 833 3756 '
