2750 4284
212 365 269 420 104
637 381 676 420 1111
691 381 819 422 orrrcue

261 507 355 572 uicies,
370 507 446 583 quod
462 507 531 565 alios
545 509 644 575 bonos,
658 509 727 566 ulios
741 509 883 585 sapientes
900 507 1067 566 existimant.
1110 507 1157 564 Ex
1173 525 1243 583 quo

262 597 378 662 Ennius,
393 600 575 670 nequicquam
595 617 687 670 supere
706 600 862 670 sapientem,
878 600 929 672 qai
952 599 1009 671 ipm
1028 598 1081 653 sili
1098 598 1240 670 prodesse

261 703 317 740 non
338 686 435 758 quiret.
478 685 555 742 Vere
576 686 607 742 id
627 687 751 762 quidem,
773 687 805 752 si,
827 686 895 763 quid
918 693 993 744 esset
1009 687 1146 759 prodesse,
1161 685 1241 742 mihi

211 777 249 832 10
262 791 327 830 cum
342 773 432 829 Ennio
446 775 614 830 conveniret.
657 775 832 831 Hecatonem
846 774 961 852 quidem
976 775 1130 841 Rhodium,
1146 774 1238 830 disci-

263 861 363 938 pulum
385 861 511 928 Panaetii,
527 862 609 918 video
631 862 660 918 in
681 863 714 918 iis
734 863 820 930 libris,
842 883 913 940 quos
936 863 973 920 de
994 863 1091 920 officiis
1116 863 1239 938 scripsit

262 950 296 1017 Q,
317 949 466 1017 Tuberoni,
489 951 591 1017 dicere,
619 951 762 1024 Sapientis
782 970 842 1017 esee,
864 953 937 1008 nihil
958 959 1053 1008 eontra
1074 971 1171 1018 mores,
1195 952 1238 1007 lo·

210 1039 734 1114 119u,imtttuusaa·enum,aatere
748 1043 882 1097 aarum
903 1042 943 1098 re·
956 1042 1124 1116 jamnum.
1168 1025 1236 1096 m.

262 1147 314 1202 que
333 1130 404 1184 enim
424 1129 515 1186 solum
537 1130 614 1185 nolis
632 1129 729 1184 diuites
751 1148 803 1186 esee
823 1130 1022 1196 vulnerasset
1044 1130 1142 1195 liberis,
1160 1147 1236 1202 pro-

258 1219 382 1292 pinquis,
402 1219 507 1284 amicis,
529 1219 698 1291 masioseque
719 1219 759 1274 rei
777 1220 905 1292 publico.
950 1219 1135 1291 Sinqulorum
1156 1219 1236 1274 enim
1331 1254 1332 1276 ,

211 1311 248 1364 12
263 1309 418 1382 snmltctes
439 1317 464 1364 et
488 1310 571 1382 eopia
591 1308 697 1364 diuitis
719 1315 786 1363 suut
808 1309 936 1365 mutatu.
989 1307 1065 1364 Huic
1089 1307 1234 1363 Scaevolae

262 1396 380 1464 lactum,
395 1399 502 1476 dequo
526 1397 612 1473 paulo
632 1403 697 1452 ante
717 1396 783 1462 dixi,
799 1397 911 1473 placere
924 1396 1004 1453 nullu
1022 1396 1108 1452 modo
1122 1402 1232 1472 potest.

263 1485 376 1542 Etenim
398 1488 512 1544 omnino
533 1492 645 1542 tentum
672 1503 703 1540 se
726 1493 814 1562 negat
837 1485 980 1542 facturum
1004 1484 1164 1561 compendii
1185 1484 1233 1540 sui

263 1591 358 1638 causa,
373 1574 451 1650 quod
464 1591 521 1630 non
533 1574 625 1630 liceat.
667 1573 742 1631 Huic
756 1593 807 1630 neo
821 1573 884 1630 laus
894 1592 999 1650 magna
1010 1573 1161 1630 tribuenda
1176 1591 1231 1630 neo

212 1664 249 1719 la
263 1661 355 1737 gretia
365 1668 416 1718 est.
450 1660 508 1718 Sed
517 1661 575 1717 sive
584 1661 726 1719 simulatio
736 1671 765 1720 et
774 1662 960 1720 dissimulatio
970 1661 1053 1718 dolus
1063 1661 1154 1719 malus
1165 1665 1230 1728 est;

263 1765 414 1824 perpauca
427 1767 472 1804 res
486 1757 561 1814 sunt,
575 1749 604 1804 in
618 1750 721 1826 quibus
734 1769 790 1808 nou
811 1751 894 1808 dolus
907 1751 960 1806 iste
975 1751 1067 1808 malus
1081 1756 1227 1806 versetur:

264 1837 321 1893 sive
345 1836 389 1892 vir
416 1837 508 1894 bonus
531 1844 576 1894 est
602 1837 634 1903 is,
659 1839 708 1915 qui
735 1839 861 1916 prodest,
883 1839 987 1915 quibus
1014 1845 1118 1915 potest,
1143 1846 1229 1896 nocet

263 1925 383 1992 nemini;
416 1934 492 1982 certe
519 1926 605 1982 istum
629 1927 720 1984 virum
746 1929 851 1984 bonurn
876 1946 933 1984 non
956 1927 1038 1984 facile
1062 1927 1226 2003 reperimus.

213 2018 250 2070 11
264 2014 419 2089 Nunquam
437 2015 523 2092 igitur
541 2021 585 2072 est
606 2016 675 2072 utile
697 2034 824 2092 peecare,
843 2016 909 2091 quia
929 2033 1043 2092 semper
1062 2023 1106 2072 est
1125 2020 1226 2091 turpe:

264 2109 294 2160 et
307 2103 373 2180 quia
386 2122 500 2181 semper
512 2111 557 2161 est
576 2105 727 2162 honestum
742 2105 833 2160 virum
853 2105 960 2161 bonum
973 2121 1044 2171 esse,
1059 2121 1170 2182 semper
1183 2111 1228 2162 est

265 2192 342 2251 utile.

304 2371 385 2429 XVI.
400 2371 446 2430 Ac
456 2370 494 2428 de
505 2371 569 2449 jure
577 2369 693 2447 quidem
704 2368 875 2446 praediorum
886 2375 1016 2426 sanctum
1030 2367 1108 2445 apud
1121 2387 1173 2426 nos
1183 2376 1227 2427 est

263 2459 327 2538 jure
351 2461 431 2527 civili,
451 2471 485 2516 ut
507 2461 536 2516 in
559 2461 603 2516 his
624 2458 778 2516 vendendis
798 2457 865 2513 vitia
889 2458 1058 2522 dicerentur,
1075 2475 1140 2534 quse
1159 2464 1227 2514 note

233 2554 251 2607 2
265 2556 360 2606 essent
372 2548 519 2607 venditori.
560 2549 644 2613 Nam,
660 2566 726 2604 cum
739 2565 775 2603 ex
789 2546 938 2603 duodecim
952 2546 1057 2604 tabulis
1070 2547 1138 2602 satis
1152 2553 1227 2603 esset

265 2655 300 2695 ea
321 2638 457 2714 prestari,
472 2655 537 2712 quae
557 2646 651 2693 essent
672 2637 769 2712 lingua
790 2642 1042 2710 nuncupataque
1058 2635 1107 2711 qui
1128 2635 1225 2691 infitia-

266 2733 314 2782 tus
327 2732 411 2790 esset,
426 2725 506 2800 dupli
520 2743 635 2801 poenem
650 2726 772 2782 subiret:
794 2742 811 2779 a
828 2723 900 2800 juris
914 2723 1049 2780 consultis
1063 2723 1147 2780 etiam
1161 2723 1225 2780 reti·

233 2819 251 2869 8
266 2812 365 2870 centia
380 2829 466 2888 poena
479 2820 524 2868 est
538 2813 698 2870 constituta.
740 2811 883 2888 Quicquid
902 2812 976 2868 enim
990 2818 1065 2868 esset
1078 2812 1107 2869 in
1120 2812 1225 2889 predio

265 2900 332 2967 vitii,
345 2901 375 2958 id
389 2908 557 2966 statuerunt,
573 2901 597 2957 si
610 2901 739 2958 venditor
759 2903 851 2968 sciret,
870 2901 923 2958 nisi
942 2902 1106 2958 nominatim
1119 2901 1225 2959 dictum

232 2994 253 3047 4
266 2997 349 3057 esset,
362 2990 489 3068 praestsn'
502 2998 641 3068 oportere.
684 2989 734 3056 Ut,
746 3009 811 3046 cum
822 2991 850 3046 in
863 3007 927 3046 arce
938 2991 1089 3067 augurium
1103 3007 1224 3067 augures

265 3081 355 3136 acturi
378 3087 480 3146 essent,
500 3080 705 3156 jussissentquc
727 3079 767 3136 Ti.
783 3078 934 3136 Claudium
948 3079 1158 3146 Centumalum,
1178 3081 1223 3157 qui

267 3167 342 3224 aedes
357 3169 385 3224 in
399 3169 491 3225 Ooelio
505 3177 599 3226 monte
619 3169 752 3234 habebat,
767 3166 895 3224 demoliri
908 3185 951 3234 ea,
966 3186 1086 3244 quorum
1106 3167 1223 3226 altitudo

266 3256 391 3313 officeret
413 3257 552 3332 auspiciis,
580 3256 716 3315 Claudius
739 3257 905 3333 proscripsit
931 3257 1059 3330 insulam,
1084 3256 1208 3313 vendidit
1215 3276 1222 3324 ;

233 3352 252 3404 δ
266 3345 333 3402 emit
347 3345 380 3401 P.
391 3345 560 3420 Calpurnius
570 3345 713 3402 Lanarius.
757 3345 831 3402 Huic
846 3346 882 3402 ab
897 3345 1053 3422 auguribus
1067 3345 1138 3402 illud
1151 3344 1224 3403 idem

266 3433 462 3491 denuntiatum
482 3439 533 3488 est
576 3433 677 3507 Itaque
692 3431 862 3509 Oalpumius
883 3453 949 3491 cum
969 3433 1121 3491 demolitus
1142 3440 1222 3501 esset,

266 3529 481 3601 cognossetque,
507 3520 658 3578 Claudium
685 3519 761 3577 redes
788 3529 888 3599 postes
915 3522 1121 3599 proscripsisse,
1142 3541 1224 3598 quam

266 3611 398 3669 essetab
418 3610 573 3688 auguribus
593 3609 720 3666 demoliri
742 3610 848 3686 jussus,
864 3610 1001 3666 arbitrum
1021 3610 1101 3666 illum
1120 3610 1223 3687 adegit,

266 3715 446 3764 eurouurn
466 3717 543 3756 s1s1
563 3715 676 3766 nean,
697 3715 841 3756 seuseu
862 3715 1065 3755 oeoauuuau
1084 3715 1126 3755 nx
1146 3715 1223 3757 s1u1
