<?xml version="1.0" encoding="UTF-8"?>
<!DOCTYPE html PUBLIC "-//W3C//DTD XHTML 1.0 Transitional//EN"
    "http://www.w3.org/TR/xhtml1/DTD/xhtml1-transitional.dtd">
<html xmlns="http://www.w3.org/1999/xhtml" xml:lang="en" lang="en">
 <head>
  <title>
</title>
<meta http-equiv="Content-Type" content="text/html;charset=utf-8" />
  <meta name='ocr-system' content='tesseract 3.04.00' />
  <meta name='ocr-capabilities' content='ocr_page ocr_carea ocr_par ocr_line ocrx_word'/>
</head>
<body>
  <div class='ocr_page' id='page_1' title='image "./mtulliiciceroni01thacgoog_0076.png"; bbox 0 0 2648 4288; ppageno 0'>
   <div class='ocr_carea' id='block_1_1' title="bbox 551 371 1197 441">
    <p class='ocr_par' dir='ltr' id='par_1_1' title="bbox 551 371 1197 441">
     <span class='ocr_line' id='line_1_1' title="bbox 551 371 1197 441; baseline 0.006 -17"><span class='ocrx_word' id='word_1_1' title='bbox 551 386 635 441; x_wconf 68' lang='lat' dir='ltr'><strong>amns</strong></span> <span class='ocrx_word' id='word_1_2' title='bbox 648 385 679 425; x_wconf 91' lang='lat'><strong>11.</strong></span> <span class='ocrx_word' id='word_1_3' title='bbox 721 385 787 425; x_wconf 78' lang='lat' dir='ltr'><strong>car.</strong></span> <span class='ocrx_word' id='word_1_4' title='bbox 803 386 831 425; x_wconf 86' lang='lat' dir='ltr'><strong>v.</strong></span> <span class='ocrx_word' id='word_1_5' title='bbox 1160 371 1197 428; x_wconf 81' lang='lat' dir='ltr'><strong>tt</strong></span> 
     </span>
    </p>
   </div>
   <div class='ocr_carea' id='block_1_2' title="bbox 181 513 1181 2026">
    <p class='ocr_par' dir='ltr' id='par_1_2' title="bbox 181 513 1181 2026">
     <span class='ocr_line' id='line_1_2' title="bbox 181 513 1148 592; baseline -0.004 -18"><span class='ocrx_word' id='word_1_6' title='bbox 181 515 280 592; x_wconf 87' lang='lat' dir='ltr'><strong>etqui</strong></span> <span class='ocrx_word' id='word_1_7' title='bbox 299 515 439 592; x_wconf 83' lang='lat' dir='ltr'><strong>principes</strong></span> <span class='ocrx_word' id='word_1_8' title='bbox 458 513 616 572; x_wconf 85' lang='lat' dir='ltr'><strong>inveniendi</strong></span> <span class='ocrx_word' id='word_1_9' title='bbox 635 515 759 581; x_wconf 86' lang='lat' dir='ltr'><strong>fuerunt,</strong></span> <span class='ocrx_word' id='word_1_10' title='bbox 774 532 859 590; x_wconf 91' lang='lat' dir='ltr'><strong>quem</strong></span> <span class='ocrx_word' id='word_1_11' title='bbox 881 531 918 570; x_wconf 82' lang='lat' dir='ltr'><strong>er</strong></span> <span class='ocrx_word' id='word_1_12' title='bbox 935 531 1048 590; x_wconf 88' lang='lat' dir='ltr'><strong>quaque</strong></span> <span class='ocrx_word' id='word_1_13' title='bbox 1062 513 1148 570; x_wconf 87' lang='lat' dir='ltr'><strong>belua</strong></span> 
     </span>
     <span class='ocr_line' id='line_1_3' title="bbox 182 603 1147 681; baseline -0.003 -19"><span class='ocrx_word' id='word_1_14' title='bbox 182 623 266 662; x_wconf 87' lang='lat' dir='ltr'><strong>usum</strong></span> <span class='ocrx_word' id='word_1_15' title='bbox 280 604 386 662; x_wconf 87' lang='lat' dir='ltr'><strong>habere</strong></span> <span class='ocrx_word' id='word_1_16' title='bbox 400 621 556 681; x_wconf 78' lang='lat' dir='ltr'>possemus,</span> <span class='ocrx_word' id='word_1_17' title='bbox 568 605 695 662; x_wconf 90' lang='lat' dir='ltr'><strong>homines</strong></span> <span class='ocrx_word' id='word_1_18' title='bbox 706 613 781 661; x_wconf 87' lang='lat' dir='ltr'><strong>certa</strong></span> <span class='ocrx_word' id='word_1_19' title='bbox 795 605 925 661; x_wconf 84' lang='lat' dir='ltr'><strong>fuerunt:</strong></span> <span class='ocrx_word' id='word_1_20' title='bbox 940 621 993 660; x_wconf 92' lang='lat' dir='ltr'><strong>nec</strong></span> <span class='ocrx_word' id='word_1_21' title='bbox 1007 603 1061 659; x_wconf 91' lang='lat' dir='ltr'><strong>hoo</strong></span> <span class='ocrx_word' id='word_1_22' title='bbox 1074 609 1147 659; x_wconf 89' lang='lat' dir='ltr'><strong>tem·</strong></span> 
     </span>
     <span class='ocr_line' id='line_1_4' title="bbox 182 684 1148 771; baseline -0.002 -21"><span class='ocrx_word' id='word_1_23' title='bbox 182 713 251 771; x_wconf 89' lang='lat' dir='ltr'><strong>pora</strong></span> <span class='ocrx_word' id='word_1_24' title='bbox 271 693 330 752; x_wconf 88' lang='lat' dir='ltr'><strong>siue</strong></span> <span class='ocrx_word' id='word_1_25' title='bbox 350 684 495 751; x_wconf 84' lang='lat' dir='ltr'><strong>hominum</strong></span> <span class='ocrx_word' id='word_1_26' title='bbox 516 712 603 770; x_wconf 86' lang='lat' dir='ltr'><strong>opera</strong></span> <span class='ocrx_word' id='word_1_27' title='bbox 616 701 667 750; x_wconf 89' lang='lat' dir='ltr'><strong>aut</strong></span> <span class='ocrx_word' id='word_1_28' title='bbox 687 712 804 771; x_wconf 87' lang='lat' dir='ltr'><strong>pascere</strong></span> <span class='ocrx_word' id='word_1_29' title='bbox 822 711 879 760; x_wconf 86' lang='lat' dir='ltr'><strong>eas,</strong></span> <span class='ocrx_word' id='word_1_30' title='bbox 894 699 945 749; x_wconf 90' lang='lat' dir='ltr'><strong>aut</strong></span> <span class='ocrx_word' id='word_1_31' title='bbox 959 691 1082 758; x_wconf 88' lang='lat' dir='ltr'><strong>domare,</strong></span> <span class='ocrx_word' id='word_1_32' title='bbox 1098 698 1148 748; x_wconf 88' lang='lat' dir='ltr'><strong>aut</strong></span> 
     </span>
     <span class='ocr_line' id='line_1_5' title="bbox 182 781 1147 862; baseline -0.002 -22"><span class='ocrx_word' id='word_1_33' title='bbox 182 783 263 850; x_wconf 87' lang='lat' dir='ltr'><strong>tueri,</strong></span> <span class='ocrx_word' id='word_1_34' title='bbox 274 790 324 840; x_wconf 91' lang='lat' dir='ltr'><strong>aut</strong></span> <span class='ocrx_word' id='word_1_35' title='bbox 334 783 518 862; x_wconf 87' lang='lat' dir='ltr'><strong>tempestivos</strong></span> <span class='ocrx_word' id='word_1_36' title='bbox 531 784 641 841; x_wconf 87' lang='lat' dir='ltr'><strong>iruotus</strong></span> <span class='ocrx_word' id='word_1_37' title='bbox 652 801 687 840; x_wconf 85' lang='lat' dir='ltr'><strong>ax</strong></span> <span class='ocrx_word' id='word_1_38' title='bbox 700 783 744 839; x_wconf 91' lang='lat' dir='ltr'><strong>his</strong></span> <span class='ocrx_word' id='word_1_39' title='bbox 755 801 856 858; x_wconf 87' lang='lat' dir='ltr'><strong>capere</strong></span> <span class='ocrx_word' id='word_1_40' title='bbox 868 799 1032 860; x_wconf 79' lang='lat' dir='ltr'>possemus:</span> <span class='ocrx_word' id='word_1_41' title='bbox 1047 783 1084 839; x_wconf 87' lang='lat' dir='ltr'><strong>ab</strong></span> <span class='ocrx_word' id='word_1_42' title='bbox 1095 781 1147 838; x_wconf 88' lang='lat' dir='ltr'><strong>eis·</strong></span> 
     </span>
     <span class='ocr_line' id='line_1_6' title="bbox 183 871 1145 949; baseline -0.003 -20"><span class='ocrx_word' id='word_1_43' title='bbox 183 872 305 948; x_wconf 92' lang='lat' dir='ltr'><strong>demque</strong></span> <span class='ocrx_word' id='word_1_44' title='bbox 326 880 356 931; x_wconf 92' lang='lat' dir='ltr'><strong>et</strong></span> <span class='ocrx_word' id='word_1_45' title='bbox 375 891 425 940; x_wconf 77' lang='lat' dir='ltr'><strong>ese,</strong></span> <span class='ocrx_word' id='word_1_46' title='bbox 440 891 507 949; x_wconf 84' lang='lat' dir='ltr'><strong>quae</strong></span> <span class='ocrx_word' id='word_1_47' title='bbox 528 879 639 940; x_wconf 78' lang='lat' dir='ltr'><strong>nocent,</strong></span> <span class='ocrx_word' id='word_1_48' title='bbox 654 872 865 938; x_wconf 86' lang='lat' dir='ltr'><strong>interficiuntur,</strong></span> <span class='ocrx_word' id='word_1_49' title='bbox 881 879 910 928; x_wconf 91' lang='lat' dir='ltr'><strong>et</strong></span> <span class='ocrx_word' id='word_1_50' title='bbox 924 889 989 948; x_wconf 82' lang='lat' dir='ltr'><strong>quae</strong></span> <span class='ocrx_word' id='word_1_51' title='bbox 1003 871 1066 927; x_wconf 90' lang='lat' dir='ltr'><strong>usui</strong></span> <span class='ocrx_word' id='word_1_52' title='bbox 1081 889 1145 946; x_wconf 89' lang='lat' dir='ltr'><strong>pos-</strong></span> 
     </span>
     <span class='ocr_line' id='line_1_7' title="bbox 182 961 1179 1038; baseline -0.002 -20"><span class='ocrx_word' id='word_1_53' title='bbox 182 969 249 1019; x_wconf 84' lang='lat' dir='ltr'>sunt</span> <span class='ocrx_word' id='word_1_54' title='bbox 262 981 332 1029; x_wconf 90' lang='lat' dir='ltr'><strong>esse,</strong></span> <span class='ocrx_word' id='word_1_55' title='bbox 347 963 504 1038; x_wconf 89' lang='lat' dir='ltr'><strong>capiuntur.</strong></span> <span class='ocrx_word' id='word_1_56' title='bbox 547 961 622 1030; x_wconf 75' lang='lat' dir='ltr'><strong>Quid</strong></span> <span class='ocrx_word' id='word_1_57' title='bbox 636 980 798 1019; x_wconf 83' lang='lat' dir='ltr'><strong>enumerem</strong></span> <span class='ocrx_word' id='word_1_58' title='bbox 812 962 915 1018; x_wconf 87' lang='lat' dir='ltr'><strong>artium</strong></span> <span class='ocrx_word' id='word_1_59' title='bbox 928 961 1146 1026; x_wconf 72' lang='lat' dir='ltr'><strong>multitudinem,</strong></span> <span class='ocrx_word' id='word_1_60' title='bbox 1162 964 1179 1017; x_wconf 85' lang='grc'>6</span> 
     </span>
     <span class='ocr_line' id='line_1_8' title="bbox 182 1050 1148 1129; baseline -0.002 -21"><span class='ocrx_word' id='word_1_61' title='bbox 182 1051 241 1108; x_wconf 84' lang='lat' dir='ltr'><strong>sine</strong></span> <span class='ocrx_word' id='word_1_62' title='bbox 255 1051 357 1126; x_wconf 88' lang='lat' dir='ltr'><strong>quibus</strong></span> <span class='ocrx_word' id='word_1_63' title='bbox 377 1052 435 1108; x_wconf 86' lang='lat' dir='ltr'><strong>vita</strong></span> <span class='ocrx_word' id='word_1_64' title='bbox 455 1051 567 1108; x_wconf 90' lang='lat' dir='ltr'><strong>omuino</strong></span> <span class='ocrx_word' id='word_1_65' title='bbox 591 1052 670 1109; x_wconf 88' lang='lat' dir='ltr'><strong>nulla</strong></span> <span class='ocrx_word' id='word_1_66' title='bbox 689 1069 752 1108; x_wconf 87' lang='lat' dir='ltr'><strong>esse</strong></span> <span class='ocrx_word' id='word_1_67' title='bbox 773 1052 936 1129; x_wconf 76' lang='lat' dir='ltr'><strong>potuisset?</strong></span> <span class='ocrx_word' id='word_1_68' title='bbox 978 1050 1052 1119; x_wconf 80' lang='lat' dir='ltr'><strong>Quid</strong></span> <span class='ocrx_word' id='word_1_69' title='bbox 1074 1050 1148 1106; x_wconf 89' lang='lat' dir='ltr'><strong>enim</strong></span> 
     </span>
     <span class='ocr_line' id='line_1_9' title="bbox 182 1139 1147 1218; baseline -0.001 -21"><span class='ocrx_word' id='word_1_70' title='bbox 182 1141 265 1218; x_wconf 80' lang='lat' dir='ltr'><strong>aegris</strong></span> <span class='ocrx_word' id='word_1_71' title='bbox 286 1141 457 1207; x_wconf 85' lang='lat' dir='ltr'><strong>subveniret,</strong></span> <span class='ocrx_word' id='word_1_72' title='bbox 473 1160 538 1217; x_wconf 84' lang='lat' dir='ltr'><strong>quae</strong></span> <span class='ocrx_word' id='word_1_73' title='bbox 558 1147 636 1198; x_wconf 88' lang='lat' dir='ltr'><strong>esset</strong></span> <span class='ocrx_word' id='word_1_74' title='bbox 652 1141 804 1198; x_wconf 86' lang='lat' dir='ltr'><strong>oblectatio</strong></span> <span class='ocrx_word' id='word_1_75' title='bbox 817 1142 979 1207; x_wconf 87' lang='lat' dir='ltr'><strong>valentium,</strong></span> <span class='ocrx_word' id='word_1_76' title='bbox 995 1139 1044 1217; x_wconf 88' lang='lat' dir='ltr'><strong>qui</strong></span> <span class='ocrx_word' id='word_1_77' title='bbox 1056 1140 1147 1197; x_wconf 86' lang='lat' dir='ltr'><strong>victus</strong></span> 
     </span>
     <span class='ocr_line' id='line_1_10' title="bbox 182 1230 1148 1305; baseline 0 -19"><span class='ocrx_word' id='word_1_78' title='bbox 182 1238 232 1286; x_wconf 89' lang='lat' dir='ltr'><strong>aut</strong></span> <span class='ocrx_word' id='word_1_79' title='bbox 252 1231 355 1297; x_wconf 86' lang='lat' dir='ltr'><strong>cultus,</strong></span> <span class='ocrx_word' id='word_1_80' title='bbox 369 1230 421 1286; x_wconf 90' lang='lat' dir='ltr'><strong>nisi</strong></span> <span class='ocrx_word' id='word_1_81' title='bbox 441 1239 501 1286; x_wconf 89' lang='lat' dir='ltr'><strong>tam</strong></span> <span class='ocrx_word' id='word_1_82' title='bbox 521 1232 620 1288; x_wconf 86' lang='lat' dir='ltr'><strong>multae</strong></span> <span class='ocrx_word' id='word_1_83' title='bbox 642 1231 722 1288; x_wconf 90' lang='lat' dir='ltr'><strong>nobis</strong></span> <span class='ocrx_word' id='word_1_84' title='bbox 741 1238 816 1286; x_wconf 88' lang='lat' dir='ltr'><strong>artes</strong></span> <span class='ocrx_word' id='word_1_85' title='bbox 834 1231 1030 1297; x_wconf 77' lang='lat' dir='ltr'><strong>ministrarent,</strong></span> <span class='ocrx_word' id='word_1_86' title='bbox 1045 1230 1148 1305; x_wconf 87' lang='lat' dir='ltr'><strong>quibus</strong></span> 
     </span>
     <span class='ocr_line' id='line_1_11' title="bbox 182 1319 1146 1377; baseline 0.001 -2"><span class='ocrx_word' id='word_1_87' title='bbox 182 1321 268 1376; x_wconf 90' lang='lat' dir='ltr'><strong>rebus</strong></span> <span class='ocrx_word' id='word_1_88' title='bbox 281 1320 395 1376; x_wconf 84' lang='lat' dir='ltr'><strong>exculta</strong></span> <span class='ocrx_word' id='word_1_89' title='bbox 408 1320 554 1376; x_wconf 87' lang='lat' dir='ltr'><strong>hominurn</strong></span> <span class='ocrx_word' id='word_1_90' title='bbox 564 1319 622 1375; x_wconf 74' lang='lat' dir='ltr'><strong>rita</strong></span> <span class='ocrx_word' id='word_1_91' title='bbox 635 1326 747 1376; x_wconf 88' lang='lat' dir='ltr'><strong>tantum</strong></span> <span class='ocrx_word' id='word_1_92' title='bbox 758 1319 872 1376; x_wconf 86' lang='lat' dir='ltr'><strong>distata</strong></span> <span class='ocrx_word' id='word_1_93' title='bbox 881 1319 959 1377; x_wconf 84' lang='lat' dir='ltr'><strong>victu</strong></span> <span class='ocrx_word' id='word_1_94' title='bbox 969 1327 998 1376; x_wconf 92' lang='lat' dir='ltr'><strong>et</strong></span> <span class='ocrx_word' id='word_1_95' title='bbox 1009 1320 1087 1377; x_wconf 88' lang='lat' dir='ltr'><strong>cultu</strong></span> <span class='ocrx_word' id='word_1_96' title='bbox 1097 1320 1146 1376; x_wconf 88' lang='lat' dir='ltr'><strong>be·</strong></span> 
     </span>
     <span class='ocr_line' id='line_1_12' title="bbox 183 1407 1180 1484; baseline 0.002 -20"><span class='ocrx_word' id='word_1_97' title='bbox 183 1409 323 1466; x_wconf 82' lang='lat' dir='ltr'><strong>stiarum‘?</strong></span> <span class='ocrx_word' id='word_1_98' title='bbox 364 1409 458 1467; x_wconf 80' lang='lat' dir='ltr'><strong>Urbes</strong></span> <span class='ocrx_word' id='word_1_99' title='bbox 471 1427 539 1466; x_wconf 87' lang='lat' dir='ltr'><strong>vero</strong></span> <span class='ocrx_word' id='word_1_100' title='bbox 561 1409 620 1466; x_wconf 89' lang='lat' dir='ltr'><strong>sine</strong></span> <span class='ocrx_word' id='word_1_101' title='bbox 642 1408 789 1466; x_wconf 89' lang='lat' dir='ltr'><strong>hominum</strong></span> <span class='ocrx_word' id='word_1_102' title='bbox 812 1417 891 1466; x_wconf 87' lang='lat' dir='ltr'><strong>ooetu</strong></span> <span class='ocrx_word' id='word_1_103' title='bbox 911 1429 968 1466; x_wconf 91' lang='lat' dir='ltr'><strong>non</strong></span> <span class='ocrx_word' id='word_1_104' title='bbox 990 1407 1180 1484; x_wconf 82' lang='lat' dir='ltr'><strong>potuissent&#39;l</strong></span> 
     </span>
     <span class='ocr_line' id='line_1_13' title="bbox 182 1498 1147 1576; baseline 0 -22"><span class='ocrx_word' id='word_1_105' title='bbox 182 1517 234 1556; x_wconf 87' lang='lat' dir='ltr'><strong>neo</strong></span> <span class='ocrx_word' id='word_1_106' title='bbox 255 1498 397 1564; x_wconf 85' lang='lat' dir='ltr'><strong>aedificari,</strong></span> <span class='ocrx_word' id='word_1_107' title='bbox 412 1515 464 1554; x_wconf 92' lang='lat' dir='ltr'><strong>nec</strong></span> <span class='ocrx_word' id='word_1_108' title='bbox 485 1498 674 1574; x_wconf 83' lang='lat' dir='ltr'><strong>frequentari:</strong></span> <span class='ocrx_word' id='word_1_109' title='bbox 696 1517 731 1554; x_wconf 84' lang='lat' dir='ltr'><strong>ex</strong></span> <span class='ocrx_word' id='word_1_110' title='bbox 745 1517 802 1574; x_wconf 91' lang='lat' dir='ltr'><strong>quo</strong></span> <span class='ocrx_word' id='word_1_111' title='bbox 820 1498 899 1576; x_wconf 89' lang='lat' dir='ltr'><strong>leges</strong></span> <span class='ocrx_word' id='word_1_112' title='bbox 918 1517 1068 1575; x_wconf 87' lang='lat' dir='ltr'><strong>moresque</strong></span> <span class='ocrx_word' id='word_1_113' title='bbox 1082 1517 1147 1556; x_wconf 90' lang='lat' dir='ltr'><strong>cou-</strong></span> 
     </span>
     <span class='ocr_line' id='line_1_14' title="bbox 182 1587 1145 1665; baseline 0 -20"><span class='ocrx_word' id='word_1_114' title='bbox 182 1588 280 1655; x_wconf 90' lang='lat' dir='ltr'><strong>stitnti,</strong></span> <span class='ocrx_word' id='word_1_115' title='bbox 295 1595 358 1644; x_wconf 90' lang='lat' dir='ltr'><strong>tum</strong></span> <span class='ocrx_word' id='word_1_116' title='bbox 369 1588 441 1665; x_wconf 82' lang='lat' dir='ltr'><strong>juris</strong></span> <span class='ocrx_word' id='word_1_117' title='bbox 455 1605 538 1664; x_wconf 85' lang='lat' dir='ltr'><strong>aequa</strong></span> <span class='ocrx_word' id='word_1_118' title='bbox 551 1587 702 1664; x_wconf 82' lang='lat' dir='ltr'><strong>descriptio</strong></span> <span class='ocrx_word' id='word_1_119' title='bbox 716 1595 850 1664; x_wconf 83' lang='lat' dir='ltr'><strong>certaque</strong></span> <span class='ocrx_word' id='word_1_120' title='bbox 865 1588 974 1645; x_wconf 88' lang='lat' dir='ltr'><strong>vivendi</strong></span> <span class='ocrx_word' id='word_1_121' title='bbox 989 1588 1145 1665; x_wconf 89' lang='lat' dir='ltr'><strong>disciplina.</strong></span> 
     </span>
     <span class='ocr_line' id='line_1_15' title="bbox 183 1677 1181 1747; baseline 0.001 -13"><span class='ocrx_word' id='word_1_122' title='bbox 183 1679 261 1747; x_wconf 83' lang='lat' dir='ltr'><strong>Quas</strong></span> <span class='ocrx_word' id='word_1_123' title='bbox 277 1697 323 1734; x_wconf 89' lang='lat' dir='ltr'><strong>res</strong></span> <span class='ocrx_word' id='word_1_124' title='bbox 342 1686 371 1734; x_wconf 88' lang='lat' dir='ltr'><strong>et</strong></span> <span class='ocrx_word' id='word_1_125' title='bbox 390 1677 579 1735; x_wconf 90' lang='lat' dir='ltr'><strong>mansuetudo</strong></span> <span class='ocrx_word' id='word_1_126' title='bbox 599 1679 755 1735; x_wconf 87' lang='lat' dir='ltr'><strong>animorum</strong></span> <span class='ocrx_word' id='word_1_127' title='bbox 772 1686 924 1736; x_wconf 87' lang='lat' dir='ltr'><strong>consecuta</strong></span> <span class='ocrx_word' id='word_1_128' title='bbox 937 1686 966 1735; x_wconf 90' lang='lat' dir='ltr'><strong>et</strong></span> <span class='ocrx_word' id='word_1_129' title='bbox 979 1677 1148 1736; x_wconf 86' lang='lat' dir='ltr'><strong>verecundia</strong></span> <span class='ocrx_word' id='word_1_130' title='bbox 1163 1683 1181 1735; x_wconf 85' lang='lat'>8</span> 
     </span>
     <span class='ocr_line' id='line_1_16' title="bbox 183 1767 1148 1845; baseline -0.001 -20"><span class='ocrx_word' id='word_1_131' title='bbox 183 1776 244 1826; x_wconf 89' lang='lat' dir='ltr'><strong>est:</strong></span> <span class='ocrx_word' id='word_1_132' title='bbox 267 1768 462 1844; x_wconf 85' lang='lat' dir='ltr'><strong>effectumque,</strong></span> <span class='ocrx_word' id='word_1_133' title='bbox 479 1775 511 1824; x_wconf 91' lang='lat' dir='ltr'><strong>ut</strong></span> <span class='ocrx_word' id='word_1_134' title='bbox 531 1775 607 1824; x_wconf 90' lang='lat' dir='ltr'><strong>esset</strong></span> <span class='ocrx_word' id='word_1_135' title='bbox 627 1769 684 1824; x_wconf 89' lang='lat' dir='ltr'><strong>vita</strong></span> <span class='ocrx_word' id='word_1_136' title='bbox 703 1767 844 1835; x_wconf 83' lang='lat' dir='ltr'><strong>munitior,</strong></span> <span class='ocrx_word' id='word_1_137' title='bbox 859 1777 946 1845; x_wconf 90' lang='lat' dir='ltr'><strong>atque</strong></span> <span class='ocrx_word' id='word_1_138' title='bbox 964 1777 997 1824; x_wconf 93' lang='lat' dir='ltr'><strong>ut</strong></span> <span class='ocrx_word' id='word_1_139' title='bbox 1010 1768 1104 1824; x_wconf 89' lang='lat' dir='ltr'><strong>dando</strong></span> <span class='ocrx_word' id='word_1_140' title='bbox 1119 1774 1148 1824; x_wconf 91' lang='lat' dir='ltr'><strong>et</strong></span> 
     </span>
     <span class='ocr_line' id='line_1_17' title="bbox 183 1856 1148 1935; baseline 0 -21"><span class='ocrx_word' id='word_1_141' title='bbox 183 1856 346 1935; x_wconf 87' lang='lat' dir='ltr'><strong>accipiendo</strong></span> <span class='ocrx_word' id='word_1_142' title='bbox 357 1856 557 1934; x_wconf 81' lang='lat' dir='ltr'><strong>mutandisque</strong></span> <span class='ocrx_word' id='word_1_143' title='bbox 567 1857 750 1915; x_wconf 84' lang='lat' dir='ltr'><strong>facultatibus</strong></span> <span class='ocrx_word' id='word_1_144' title='bbox 761 1865 790 1915; x_wconf 90' lang='lat' dir='ltr'><strong>et</strong></span> <span class='ocrx_word' id='word_1_145' title='bbox 801 1857 1013 1915; x_wconf 77' lang='lat' dir='ltr'><strong>commodandis</strong></span> <span class='ocrx_word' id='word_1_146' title='bbox 1027 1858 1104 1914; x_wconf 85' lang='lat' dir='ltr'><strong>nulla</strong></span> <span class='ocrx_word' id='word_1_147' title='bbox 1117 1875 1148 1914; x_wconf 88' lang='lat' dir='ltr'><strong>re</strong></span> 
     </span>
     <span class='ocr_line' id='line_1_18' title="bbox 183 1966 364 2026; baseline -0.006 -22"><span class='ocrx_word' id='word_1_148' title='bbox 183 1966 339 2026; x_wconf 85' lang='lat' dir='ltr'><strong>egeremus.</strong></span> <span class='ocrx_word' id='word_1_149' title='bbox 361 1987 364 1996; x_wconf 62' lang='lat'><strong>.</strong></span> 
     </span>
    </p>
   </div>
   <div class='ocr_carea' id='block_1_3' title="bbox 184 2125 1180 3634">
    <p class='ocr_par' dir='ltr' id='par_1_3' title="bbox 184 2125 1180 2810">
     <span class='ocr_line' id='line_1_19' title="bbox 222 2125 1147 2203; baseline -0.002 -19"><span class='ocrx_word' id='word_1_150' title='bbox 222 2127 259 2184; x_wconf 81' lang='lat' dir='ltr'><strong>V.</strong></span> <span class='ocrx_word' id='word_1_151' title='bbox 281 2125 435 2203; x_wconf 85' lang='lat' dir='ltr'><strong>Longiores</strong></span> <span class='ocrx_word' id='word_1_152' title='bbox 456 2127 510 2183; x_wconf 91' lang='lat' dir='ltr'><strong>hoo</strong></span> <span class='ocrx_word' id='word_1_153' title='bbox 531 2125 594 2184; x_wconf 90' lang='lat' dir='ltr'><strong>loco</strong></span> <span class='ocrx_word' id='word_1_154' title='bbox 614 2145 721 2192; x_wconf 89' lang='lat' dir='ltr'><strong>sumus,</strong></span> <span class='ocrx_word' id='word_1_155' title='bbox 742 2145 829 2202; x_wconf 90' lang='lat' dir='ltr'><strong>quam</strong></span> <span class='ocrx_word' id='word_1_156' title='bbox 848 2143 963 2182; x_wconf 87' lang='lat' dir='ltr'><strong>necesse</strong></span> <span class='ocrx_word' id='word_1_157' title='bbox 983 2131 1035 2184; x_wconf 88' lang='lat' dir='ltr'><strong>est.</strong></span> <span class='ocrx_word' id='word_1_158' title='bbox 1078 2125 1147 2193; x_wconf 80' lang='lat' dir='ltr'><strong>Quis</strong></span> 
     </span>
     <span class='ocr_line' id='line_1_20' title="bbox 184 2215 1149 2292; baseline -0.003 -19"><span class='ocrx_word' id='word_1_159' title='bbox 184 2223 228 2274; x_wconf 89' lang='lat' dir='ltr'><strong>est</strong></span> <span class='ocrx_word' id='word_1_160' title='bbox 248 2216 329 2282; x_wconf 91' lang='lat' dir='ltr'><strong>enim,</strong></span> <span class='ocrx_word' id='word_1_161' title='bbox 346 2215 390 2272; x_wconf 90' lang='lat' dir='ltr'><strong>cui</strong></span> <span class='ocrx_word' id='word_1_162' title='bbox 410 2234 466 2271; x_wconf 93' lang='lat' dir='ltr'><strong>non</strong></span> <span class='ocrx_word' id='word_1_163' title='bbox 487 2215 636 2292; x_wconf 86' lang='lat' dir='ltr'><strong>perspicua</strong></span> <span class='ocrx_word' id='word_1_164' title='bbox 656 2216 711 2272; x_wconf 89' lang='lat' dir='ltr'><strong>sint</strong></span> <span class='ocrx_word' id='word_1_165' title='bbox 729 2215 785 2281; x_wconf 88' lang='lat' dir='ltr'><strong>illa,</strong></span> <span class='ocrx_word' id='word_1_166' title='bbox 801 2235 866 2291; x_wconf 84' lang='lat' dir='ltr'><strong>quae</strong></span> <span class='ocrx_word' id='word_1_167' title='bbox 883 2215 1010 2291; x_wconf 89' lang='lat' dir='ltr'><strong>pluribus</strong></span> <span class='ocrx_word' id='word_1_168' title='bbox 1024 2216 1116 2272; x_wconf 88' lang='lat' dir='ltr'><strong>verbis</strong></span> <span class='ocrx_word' id='word_1_169' title='bbox 1130 2233 1149 2270; x_wconf 89' lang='lat' dir='ltr'><strong>a</strong></span> 
     </span>
     <span class='ocr_line' id='line_1_21' title="bbox 184 2303 1147 2381; baseline 0 -19"><span class='ocrx_word' id='word_1_170' title='bbox 184 2306 310 2362; x_wconf 72' lang='lat' dir='ltr'><strong>Panaetio</strong></span> <span class='ocrx_word' id='word_1_171' title='bbox 330 2311 594 2370; x_wconf 87' lang='lat' dir='ltr'><strong>commemorantur,</strong></span> <span class='ocrx_word' id='word_1_172' title='bbox 610 2305 749 2362; x_wconf 88' lang='lat' dir='ltr'><strong>neminem</strong></span> <span class='ocrx_word' id='word_1_173' title='bbox 769 2323 861 2381; x_wconf 91' lang='lat' dir='ltr'><strong>neque</strong></span> <span class='ocrx_word' id='word_1_174' title='bbox 881 2303 984 2361; x_wconf 87' lang='lat' dir='ltr'><strong>ducem</strong></span> <span class='ocrx_word' id='word_1_175' title='bbox 1005 2304 1072 2362; x_wconf 91' lang='lat' dir='ltr'><strong>belli</strong></span> <span class='ocrx_word' id='word_1_176' title='bbox 1095 2323 1147 2362; x_wconf 93' lang='lat' dir='ltr'><strong>nec</strong></span> 
     </span>
     <span class='ocr_line' id='line_1_22' title="bbox 184 2394 1146 2472; baseline -0.002 -20"><span class='ocrx_word' id='word_1_177' title='bbox 184 2395 339 2472; x_wconf 82' lang='lat' dir='ltr'><strong>principem</strong></span> <span class='ocrx_word' id='word_1_178' title='bbox 354 2394 431 2450; x_wconf 90' lang='lat' dir='ltr'><strong>domi</strong></span> <span class='ocrx_word' id='word_1_179' title='bbox 450 2411 569 2470; x_wconf 85' lang='lat' dir='ltr'><strong>magnas</strong></span> <span class='ocrx_word' id='word_1_180' title='bbox 589 2412 634 2450; x_wconf 90' lang='lat' dir='ltr'><strong>res</strong></span> <span class='ocrx_word' id='word_1_181' title='bbox 656 2401 686 2450; x_wconf 90' lang='lat' dir='ltr'><strong>et</strong></span> <span class='ocrx_word' id='word_1_182' title='bbox 704 2394 841 2450; x_wconf 85' lang='lat' dir='ltr'><strong>salutares</strong></span> <span class='ocrx_word' id='word_1_183' title='bbox 856 2395 914 2450; x_wconf 90' lang='lat' dir='ltr'><strong>sine</strong></span> <span class='ocrx_word' id='word_1_184' title='bbox 928 2394 1073 2450; x_wconf 90' lang='lat' dir='ltr'><strong>hominum</strong></span> <span class='ocrx_word' id='word_1_185' title='bbox 1088 2401 1146 2451; x_wconf 91' lang='lat' dir='ltr'><strong>stu·</strong></span> 
     </span>
     <span class='ocr_line' id='line_1_23' title="bbox 184 2483 1180 2562; baseline -0.001 -20"><span class='ocrx_word' id='word_1_186' title='bbox 184 2485 236 2542; x_wconf 92' lang='lat' dir='ltr'><strong>diis</strong></span> <span class='ocrx_word' id='word_1_187' title='bbox 256 2502 354 2562; x_wconf 83' lang='lat' dir='ltr'><strong>gerere</strong></span> <span class='ocrx_word' id='word_1_188' title='bbox 375 2483 523 2560; x_wconf 74' lang='lat' dir='ltr'><strong>potuisse?</strong></span> <span class='ocrx_word' id='word_1_189' title='bbox 566 2483 812 2540; x_wconf 81' lang='lat' dir='ltr'><strong>Commemoratur</strong></span> <span class='ocrx_word' id='word_1_190' title='bbox 829 2484 866 2541; x_wconf 89' lang='lat' dir='ltr'><strong>ab</strong></span> <span class='ocrx_word' id='word_1_191' title='bbox 885 2501 919 2540; x_wconf 89' lang='lat' dir='ltr'><strong>eo</strong></span> <span class='ocrx_word' id='word_1_192' title='bbox 935 2483 1147 2550; x_wconf 84' lang='lat' dir='ltr'><strong>Themistocles,</strong></span> <span class='ocrx_word' id='word_1_193' title='bbox 1163 2490 1180 2541; x_wconf 80' lang='lat'><strong>2</strong></span> 
     </span>
     <span class='ocr_line' id='line_1_24' title="bbox 184 2572 1147 2652; baseline -0.002 -21"><span class='ocrx_word' id='word_1_194' title='bbox 184 2574 316 2640; x_wconf 88' lang='lat' dir='ltr'><strong>Pericles,</strong></span> <span class='ocrx_word' id='word_1_195' title='bbox 329 2573 431 2649; x_wconf 80' lang='lat' dir='ltr'><strong>Cyrus,</strong></span> <span class='ocrx_word' id='word_1_196' title='bbox 446 2572 607 2649; x_wconf 80' lang='lat' dir='ltr'><strong>Agesilaus,</strong></span> <span class='ocrx_word' id='word_1_197' title='bbox 619 2572 794 2640; x_wconf 84' lang='lat' dir='ltr'><strong>Alexander,</strong></span> <span class='ocrx_word' id='word_1_198' title='bbox 806 2591 878 2648; x_wconf 89' lang='lat' dir='ltr'><strong>quos</strong></span> <span class='ocrx_word' id='word_1_199' title='bbox 891 2580 978 2652; x_wconf 87' lang='lat' dir='ltr'><strong>negat</strong></span> <span class='ocrx_word' id='word_1_200' title='bbox 992 2573 1051 2630; x_wconf 87' lang='lat' dir='ltr'><strong>sine</strong></span> <span class='ocrx_word' id='word_1_201' title='bbox 1066 2572 1147 2650; x_wconf 87' lang='lat' dir='ltr'><strong>adju·</strong></span> 
     </span>
     <span class='ocr_line' id='line_1_25' title="bbox 185 2662 1148 2740; baseline -0.001 -19"><span class='ocrx_word' id='word_1_202' title='bbox 185 2664 285 2721; x_wconf 90' lang='lat' dir='ltr'><strong>mentis</strong></span> <span class='ocrx_word' id='word_1_203' title='bbox 307 2663 453 2720; x_wconf 90' lang='lat' dir='ltr'><strong>hominum</strong></span> <span class='ocrx_word' id='word_1_204' title='bbox 476 2670 569 2718; x_wconf 87' lang='lat' dir='ltr'><strong>tantas</strong></span> <span class='ocrx_word' id='word_1_205' title='bbox 590 2681 634 2718; x_wconf 90' lang='lat' dir='ltr'><strong>res</strong></span> <span class='ocrx_word' id='word_1_206' title='bbox 657 2663 766 2720; x_wconf 89' lang='lat' dir='ltr'><strong>efficere</strong></span> <span class='ocrx_word' id='word_1_207' title='bbox 787 2663 923 2740; x_wconf 89' lang='lat' dir='ltr'><strong>potuisse.</strong></span> <span class='ocrx_word' id='word_1_208' title='bbox 964 2662 1103 2720; x_wconf 87' lang='lat' dir='ltr'><strong>Utiturin</strong></span> <span class='ocrx_word' id='word_1_209' title='bbox 1116 2681 1148 2720; x_wconf 89' lang='lat' dir='ltr'><strong>re</strong></span> 
     </span>
     <span class='ocr_line' id='line_1_26' title="bbox 184 2752 728 2810; baseline -0.002 0"><span class='ocrx_word' id='word_1_210' title='bbox 184 2772 241 2810; x_wconf 93' lang='lat' dir='ltr'><strong>non</strong></span> <span class='ocrx_word' id='word_1_211' title='bbox 255 2753 341 2810; x_wconf 85' lang='lat' dir='ltr'><strong>dubia</strong></span> <span class='ocrx_word' id='word_1_212' title='bbox 355 2752 474 2809; x_wconf 89' lang='lat' dir='ltr'><strong>testibus</strong></span> <span class='ocrx_word' id='word_1_213' title='bbox 489 2770 544 2807; x_wconf 91' lang='lat' dir='ltr'><strong>non</strong></span> <span class='ocrx_word' id='word_1_214' title='bbox 558 2753 728 2809; x_wconf 85' lang='lat' dir='ltr'><strong>necessariis</strong></span> 
     </span>
    </p>

    <p class='ocr_par' dir='ltr' id='par_1_4' title="bbox 184 2841 1180 3634">
     <span class='ocr_line' id='line_1_27' title="bbox 224 2841 1179 2919; baseline 0 -20"><span class='ocrx_word' id='word_1_215' title='bbox 224 2844 322 2918; x_wconf 85' lang='lat' dir='ltr'><strong>Atque</strong></span> <span class='ocrx_word' id='word_1_216' title='bbox 342 2848 376 2898; x_wconf 90' lang='lat' dir='ltr'><strong>ut</strong></span> <span class='ocrx_word' id='word_1_217' title='bbox 395 2859 513 2919; x_wconf 85' lang='lat' dir='ltr'><strong>magnas</strong></span> <span class='ocrx_word' id='word_1_218' title='bbox 534 2841 668 2898; x_wconf 86' lang='lat' dir='ltr'><strong>utilitates</strong></span> <span class='ocrx_word' id='word_1_219' title='bbox 683 2841 863 2918; x_wconf 90' lang='lat' dir='ltr'><strong>adipiscimur</strong></span> <span class='ocrx_word' id='word_1_220' title='bbox 876 2841 1082 2918; x_wconf 86' lang='lat' dir='ltr'><strong>conspiratione</strong></span> <span class='ocrx_word' id='word_1_221' title='bbox 1096 2842 1146 2900; x_wconf 92' lang='lat' dir='ltr'><strong>ho·</strong></span> <span class='ocrx_word' id='word_1_222' title='bbox 1162 2847 1179 2899; x_wconf 83' lang='lat'><em>8</em></span> 
     </span>
     <span class='ocr_line' id='line_1_28' title="bbox 184 2930 1146 3008; baseline 0 -20"><span class='ocrx_word' id='word_1_223' title='bbox 184 2932 293 2988; x_wconf 90' lang='lat' dir='ltr'><strong>minum</strong></span> <span class='ocrx_word' id='word_1_224' title='bbox 306 2938 391 3006; x_wconf 90' lang='lat' dir='ltr'><strong>atque</strong></span> <span class='ocrx_word' id='word_1_225' title='bbox 403 2949 558 2987; x_wconf 87' lang='lat' dir='ltr'><strong>consensu:</strong></span> <span class='ocrx_word' id='word_1_226' title='bbox 581 2930 620 2988; x_wconf 90' lang='lat' dir='ltr'><strong>sio</strong></span> <span class='ocrx_word' id='word_1_227' title='bbox 634 2932 711 2988; x_wconf 89' lang='lat' dir='ltr'><strong>nulla</strong></span> <span class='ocrx_word' id='word_1_228' title='bbox 725 2939 785 2987; x_wconf 89' lang='lat' dir='ltr'><strong>tam</strong></span> <span class='ocrx_word' id='word_1_229' title='bbox 799 2931 973 2989; x_wconf 87' lang='lat' dir='ltr'><strong>detestabilis</strong></span> <span class='ocrx_word' id='word_1_230' title='bbox 992 2932 1079 3008; x_wconf 89' lang='lat' dir='ltr'><strong>pestis</strong></span> <span class='ocrx_word' id='word_1_231' title='bbox 1094 2938 1146 2999; x_wconf 90' lang='lat' dir='ltr'><strong>est,</strong></span> 
     </span>
     <span class='ocr_line' id='line_1_29' title="bbox 186 3020 1180 3098; baseline 0 -20"><span class='ocrx_word' id='word_1_232' title='bbox 186 3041 251 3098; x_wconf 87' lang='lat' dir='ltr'><strong>quae</strong></span> <span class='ocrx_word' id='word_1_233' title='bbox 274 3040 330 3077; x_wconf 91' lang='lat' dir='ltr'><strong>non</strong></span> <span class='ocrx_word' id='word_1_234' title='bbox 348 3020 453 3076; x_wconf 90' lang='lat' dir='ltr'><strong>homini</strong></span> <span class='ocrx_word' id='word_1_235' title='bbox 466 3021 502 3077; x_wconf 93' lang='lat' dir='ltr'><strong>ab</strong></span> <span class='ocrx_word' id='word_1_236' title='bbox 516 3021 628 3077; x_wconf 93' lang='lat' dir='ltr'><strong>homine</strong></span> <span class='ocrx_word' id='word_1_237' title='bbox 643 3029 782 3078; x_wconf 87' lang='lat' dir='ltr'><strong>nascatur.</strong></span> <span class='ocrx_word' id='word_1_238' title='bbox 824 3021 877 3078; x_wconf 87' lang='lat' dir='ltr'><strong>Est</strong></span> <span class='ocrx_word' id='word_1_239' title='bbox 897 3021 1057 3079; x_wconf 86' lang='lat' dir='ltr'><strong>Dicaearchi</strong></span> <span class='ocrx_word' id='word_1_240' title='bbox 1077 3021 1180 3078; x_wconf 76' lang='lat' dir='ltr'><strong>libert</strong></span> 
     </span>
     <span class='ocr_line' id='line_1_30' title="bbox 186 3109 1146 3188; baseline 0 -20"><span class='ocrx_word' id='word_1_241' title='bbox 186 3111 223 3168; x_wconf 92' lang='lat' dir='ltr'><strong>de</strong></span> <span class='ocrx_word' id='word_1_242' title='bbox 236 3110 350 3168; x_wconf 88' lang='lat' dir='ltr'><strong>interitu</strong></span> <span class='ocrx_word' id='word_1_243' title='bbox 363 3110 518 3176; x_wconf 90' lang='lat' dir='ltr'><strong>hominum,</strong></span> <span class='ocrx_word' id='word_1_244' title='bbox 533 3109 713 3186; x_wconf 88' lang='lat' dir='ltr'><strong>Peripatetici</strong></span> <span class='ocrx_word' id='word_1_245' title='bbox 727 3110 822 3188; x_wconf 86' lang='lat' dir='ltr'><strong>magni</strong></span> <span class='ocrx_word' id='word_1_246' title='bbox 836 3118 865 3166; x_wconf 92' lang='lat' dir='ltr'><strong>et</strong></span> <span class='ocrx_word' id='word_1_247' title='bbox 879 3111 1001 3188; x_wconf 90' lang='lat' dir='ltr'><strong>copiosi:</strong></span> <span class='ocrx_word' id='word_1_248' title='bbox 1026 3110 1074 3187; x_wconf 91' lang='lat' dir='ltr'><strong>qui</strong></span> <span class='ocrx_word' id='word_1_249' title='bbox 1089 3111 1146 3168; x_wconf 93' lang='lat' dir='ltr'><strong>ool-</strong></span> 
     </span>
     <span class='ocr_line' id='line_1_31' title="bbox 186 3199 1147 3274; baseline 0.001 -17"><span class='ocrx_word' id='word_1_250' title='bbox 186 3201 265 3258; x_wconf 87' lang='lat' dir='ltr'><strong>lectis</strong></span> <span class='ocrx_word' id='word_1_251' title='bbox 287 3199 385 3257; x_wconf 87' lang='lat' dir='ltr'><strong>ceteris</strong></span> <span class='ocrx_word' id='word_1_252' title='bbox 408 3199 507 3265; x_wconf 86' lang='lat' dir='ltr'><strong>causis,</strong></span> <span class='ocrx_word' id='word_1_253' title='bbox 531 3199 674 3266; x_wconf 78' lang='lat' dir='ltr'><strong>eluvioniS,</strong></span> <span class='ocrx_word' id='word_1_254' title='bbox 696 3200 873 3274; x_wconf 68' lang='lat' dir='ltr'><strong>pestilentias,</strong></span> <span class='ocrx_word' id='word_1_255' title='bbox 888 3200 1034 3267; x_wconf 83' lang='lat' dir='ltr'><strong>vastitatis,</strong></span> <span class='ocrx_word' id='word_1_256' title='bbox 1051 3201 1147 3258; x_wconf 85' lang='lat' dir='ltr'><strong>belua·</strong></span> 
     </span>
     <span class='ocr_line' id='line_1_32' title="bbox 186 3288 1146 3368; baseline 0.001 -21"><span class='ocrx_word' id='word_1_257' title='bbox 186 3310 249 3348; x_wconf 90' lang='lat' dir='ltr'><strong>rum</strong></span> <span class='ocrx_word' id='word_1_258' title='bbox 257 3290 340 3346; x_wconf 86' lang='lat' dir='ltr'><strong>etiam</strong></span> <span class='ocrx_word' id='word_1_259' title='bbox 351 3288 506 3366; x_wconf 73' lang='lat' dir='ltr'><strong>repentinae</strong></span> <span class='ocrx_word' id='word_1_260' title='bbox 517 3288 712 3355; x_wconf 89' lang='lat' dir='ltr'><strong>multitudinis,</strong></span> <span class='ocrx_word' id='word_1_261' title='bbox 721 3307 840 3364; x_wconf 89' lang='lat' dir='ltr'><strong>quarum</strong></span> <span class='ocrx_word' id='word_1_262' title='bbox 854 3289 962 3366; x_wconf 89' lang='lat' dir='ltr'><strong>impetu</strong></span> <span class='ocrx_word' id='word_1_263' title='bbox 973 3291 1057 3348; x_wconf 86' lang='lat' dir='ltr'><strong>docet</strong></span> <span class='ocrx_word' id='word_1_264' title='bbox 1068 3311 1146 3368; x_wconf 86' lang='lat' dir='ltr'><strong>quae-</strong></span> 
     </span>
     <span class='ocr_line' id='line_1_33' title="bbox 187 3379 1146 3456; baseline -0.002 -19"><span class='ocrx_word' id='word_1_265' title='bbox 187 3379 254 3437; x_wconf 90' lang='lat' dir='ltr'><strong>dam</strong></span> <span class='ocrx_word' id='word_1_266' title='bbox 276 3379 420 3436; x_wconf 90' lang='lat' dir='ltr'><strong>hominum</strong></span> <span class='ocrx_word' id='word_1_267' title='bbox 441 3395 546 3455; x_wconf 89' lang='lat' dir='ltr'><strong>genera</strong></span> <span class='ocrx_word' id='word_1_268' title='bbox 566 3397 627 3434; x_wconf 88' lang='lat' dir='ltr'><strong>esse</strong></span> <span class='ocrx_word' id='word_1_269' title='bbox 652 3387 837 3455; x_wconf 87' lang='lat' dir='ltr'><strong>consumpta;</strong></span> <span class='ocrx_word' id='word_1_270' title='bbox 865 3380 967 3436; x_wconf 91' lang='lat' dir='ltr'><strong>deinde</strong></span> <span class='ocrx_word' id='word_1_271' title='bbox 992 3386 1146 3456; x_wconf 89' lang='lat' dir='ltr'><strong>comparat,</strong></span> 
     </span>
     <span class='ocr_line' id='line_1_34' title="bbox 187 3467 1146 3546; baseline -0.002 -20"><span class='ocrx_word' id='word_1_272' title='bbox 187 3477 293 3546; x_wconf 83' lang='lat' dir='ltr'><strong>quanto</strong></span> <span class='ocrx_word' id='word_1_273' title='bbox 316 3468 410 3545; x_wconf 89' lang='lat' dir='ltr'><strong>plures</strong></span> <span class='ocrx_word' id='word_1_274' title='bbox 429 3467 514 3524; x_wconf 87' lang='lat' dir='ltr'><strong>deleti</strong></span> <span class='ocrx_word' id='word_1_275' title='bbox 535 3468 592 3524; x_wconf 90' lang='lat' dir='ltr'><strong>sint</strong></span> <span class='ocrx_word' id='word_1_276' title='bbox 611 3467 739 3525; x_wconf 90' lang='lat' dir='ltr'><strong>homines</strong></span> <span class='ocrx_word' id='word_1_277' title='bbox 753 3469 898 3526; x_wconf 92' lang='lat' dir='ltr'><strong>hominum</strong></span> <span class='ocrx_word' id='word_1_278' title='bbox 911 3469 1028 3544; x_wconf 87' lang='lat' dir='ltr'><strong>impetu,</strong></span> <span class='ocrx_word' id='word_1_279' title='bbox 1044 3469 1074 3526; x_wconf 93' lang='lat' dir='ltr'><strong>id</strong></span> <span class='ocrx_word' id='word_1_280' title='bbox 1094 3473 1146 3534; x_wconf 91' lang='lat' dir='ltr'><strong>est,</strong></span> 
     </span>
     <span class='ocr_line' id='line_1_35' title="bbox 187 3557 1026 3634; baseline -0.004 -17"><span class='ocrx_word' id='word_1_281' title='bbox 187 3559 267 3618; x_wconf 88' lang='lat' dir='ltr'><strong>bellis</strong></span> <span class='ocrx_word' id='word_1_282' title='bbox 281 3565 332 3616; x_wconf 87' lang='lat' dir='ltr'><strong>aut</strong></span> <span class='ocrx_word' id='word_1_283' title='bbox 345 3557 535 3624; x_wconf 85' lang='lat' dir='ltr'><strong>seditionibus,</strong></span> <span class='ocrx_word' id='word_1_284' title='bbox 550 3576 636 3633; x_wconf 88' lang='lat' dir='ltr'><strong>quam</strong></span> <span class='ocrx_word' id='word_1_285' title='bbox 650 3558 725 3615; x_wconf 88' lang='lat' dir='ltr'><strong>omni</strong></span> <span class='ocrx_word' id='word_1_286' title='bbox 738 3558 845 3634; x_wconf 85' lang='lat' dir='ltr'><strong>reliqua</strong></span> <span class='ocrx_word' id='word_1_287' title='bbox 859 3559 1026 3616; x_wconf 84' lang='lat' dir='ltr'><strong>calamitate.</strong></span> 
     </span>
    </p>
   </div>
   <div class='ocr_carea' id='block_1_4' title="bbox 227 3723 1180 3872">
    <p class='ocr_par' dir='ltr' id='par_1_5' title="bbox 227 3723 1180 3872">
     <span class='ocr_line' id='line_1_36' title="bbox 227 3723 1180 3805; baseline 0 -21"><span class='ocrx_word' id='word_1_288' title='bbox 227 3728 302 3785; x_wconf 82' lang='lat' dir='ltr'><strong>Oum</strong></span> <span class='ocrx_word' id='word_1_289' title='bbox 323 3725 410 3805; x_wconf 87' lang='lat' dir='ltr'><strong>igitur</strong></span> <span class='ocrx_word' id='word_1_290' title='bbox 430 3725 476 3783; x_wconf 88' lang='lat' dir='ltr'><strong>hio</strong></span> <span class='ocrx_word' id='word_1_291' title='bbox 497 3725 577 3783; x_wconf 89' lang='lat' dir='ltr'><strong>locus</strong></span> <span class='ocrx_word' id='word_1_292' title='bbox 597 3725 666 3784; x_wconf 89' lang='lat' dir='ltr'><strong>nihil</strong></span> <span class='ocrx_word' id='word_1_293' title='bbox 687 3726 792 3785; x_wconf 85' lang='lat' dir='ltr'><strong>habeat</strong></span> <span class='ocrx_word' id='word_1_294' title='bbox 805 3724 996 3792; x_wconf 85' lang='lat' dir='ltr'><strong>dubitationis,</strong></span> <span class='ocrx_word' id='word_1_295' title='bbox 1011 3723 1079 3801; x_wconf 90' lang='lat' dir='ltr'><strong>quin</strong></span> <span class='ocrx_word' id='word_1_296' title='bbox 1095 3723 1180 3784; x_wconf 75' lang='lat' dir='ltr'><strong>hot</strong></span> 
     </span>
     <span class='ocr_line' id='line_1_37' title="bbox 680 3819 698 3872; baseline 0 0"><span class='ocrx_word' id='word_1_297' title='bbox 680 3819 698 3872; x_wconf 84' lang='lat'>6</span> 
     </span>
    </p>
   </div>
   <div class='ocr_carea' id='block_1_5' title="bbox 0 0 1335 4288">
    <p class='ocr_par' dir='ltr' id='par_1_6' title="bbox 0 0 1335 4288">
     <span class='ocr_line' id='line_1_38' title="bbox 0 0 1335 4288; baseline 0 0"><span class='ocrx_word' id='word_1_298' title='bbox 0 0 1335 4288; x_wconf 95' lang='lat' dir='ltr'><strong> </strong></span> 
     </span>
    </p>
   </div>
  </div>
 </body>
</html>
